2064 3828
937 285 1004 323 21

124 423 461 486 animalium
503 420 774 479 classibus
817 420 989 491 sistit,
1034 441 1164 477 cum
1202 418 1259 475 in
1304 417 1417 476 illis
1461 420 1564 476 ista
1611 436 1818 473 nervo-

127 510 173 566 si
221 507 542 585 systematis
590 527 718 584 pars
758 503 1204 584 praedominans
1243 503 1506 559 onmium
1548 499 1816 581 primaria

118 591 383 649 habenda
427 592 525 649 sit:
573 589 651 645 sic
696 589 751 645 in
800 588 987 644 avium
1037 587 1210 642 classe
1259 586 1561 662 pulmones
1610 584 1818 663 prima·-

118 676 190 732 rii
237 692 407 754 atque
482 670 972 752 praedominantis
1026 668 1344 750 systematis
1395 667 1820 725 denominatio-

125 781 292 831 nem,
338 761 419 814 uti
465 760 524 815 in
563 754 871 834 amphibiis
914 752 1250 831 digestionis
1296 773 1510 829 organa
1557 750 1661 807 sibi
1702 749 1822 804 vin·

127 841 340 900 dicant.
387 842 550 911 Quae
596 837 833 918 quidem
878 840 935 893 in
974 837 1091 894 istis
1136 836 1279 892 adeo
1326 836 1614 892 excellunt
1652 830 1822 890 adeo-

127 948 241 1005 que
288 924 708 1007 hypostaticam
754 922 1027 980 exhibent
1070 918 1358 989 indolem,
1403 935 1466 974 ut,
1502 915 1823 995 eucephalo

125 1011 370 1067 omnino
403 1009 594 1066 deleto
632 1008 875 1087 ipsoque
908 1028 1038 1062 cum
1077 1004 1273 1061 eranio
1311 1004 1575 1078 abscisse,
1612 998 1825 1056 nihilo-

125 1094 319 1150 minus
366 1091 711 1164 testudines,
772 1088 1166 1147 salamandrae
1230 1088 1456 1165 aliaque
1523 1081 1821 1163 amphibia

126 1176 303 1234 vitam
359 1176 570 1255 degere
613 1196 853 1254 eamque
899 1174 958 1231 in
1003 1174 1200 1252 plures
1251 1167 1650 1227 hebdomades
1695 1185 1828 1243 pro-

128 1260 361 1319 trahere
395 1261 623 1339 queant‘.
673 1258 962 1327 Quocirca
997 1254 1151 1335 apud
1194 1255 1313 1324 illa,
1347 1253 1430 1308 uti
1468 1253 1526 1307 in
1578 1249 1829 1328 j.is‹:ibus

127 1344 282 1423 ipsis,
332 1343 591 1402 medulla
630 1341 992 1420 potissimum
1029 1337 1264 1418 spinalis
1315 1335 1617 1404 evolvitur,
1660 1347 1831 1408 atque

129 1429 524 1508 encephalum
560 1425 770 1503 ipsum,
825 1422 1090 1480 nondum
1142 1420 1214 1477 ad
1263 1419 1430 1476 illum
1485 1414 1832 1476 evolutionis

129 1511 378 1591 gradum
436 1509 723 1589 pervenit,
786 1529 905 1586 quo
950 1508 1009 1564 in
1055 1505 1254 1563 avibus
1298 1519 1469 1581 atque
1513 1497 1834 1558 mammali-

129 1600 240 1656 bus
286 1592 514 1674 gaudet.
604 1593 699 1650 Sic
742 1593 919 1672 igitur
950 1590 1009 1648 in
1049 1589 1302 1669 piscibus
1334 1587 1504 1644 etiam
1534 1580 1833 1663 quoddam

132 1696 376 1763 systema
433 1676 776 1758 praeprimis
812 1674 1107 1733 excultum
1160 1661 1332 1750 atqu'e
1366 1668 1705 1749 primarium
1740 1685 1836 1721 or·

132 1765 334 1824 dinem
377 1763 687 1842 ipsumque
735 1781 870 1838 prae
904 1757 1109 1815 ceteris
1155 1755 1578 1835 praevalentem
1610 1768 1834 1829 praese-

134 1852 329 1908 ferens
369 1843 897 1902 animadvertimus.
948 1841 1046 1897 Est
1086 1857 1279 1896 autem
1319 1834 1469 1894 illud
1513 1831 1835 1911 generatio-

137 1933 223 1990 nis
281 1946 553 2012 systema,
597 1925 759 2005 quod
805 1924 1174 2004 potissimum
1215 1944 1282 1978 ex
1325 1917 1714 1996 insignissima
1753 1913 1834 1992 pi-

136 2016 323 2074 scium
368 2011 789 2091 propagatione
835 2024 1006 2086 atque
1051 2001 1583 2062 innumerosissii‘na
1632 1997 1837 2055 ovulo-

137 2123 270 2158 rum
316 2098 375 2153 in
409 2092 677 2151 foeminis
716 2089 1028 2149 abdomine
1065 2088 1421 2146 accumulata
1447 2084 1613 2162 copia
1650 2082 1840 2161 palam

136 2186 220 2243 fit.
297 2178 592 2248 Quocirca
648 2175 884 2248 maioris
935 2172 1220 2232 momenti
1276 2193 1394 2228 esse
1457 2167 1703 2238 videtur,
1749 2187 1838 2222 se-

136 2268 316 2326 laclze
361 2259 559 2342 quoad
602 2258 991 2341 generationis
1034 2256 1354 2341 systematis
1383 2253 1635 2334 partium
1665 2247 1838 2306 fabri-

140 2373 269 2410 cam
313 2346 678 2427 superiorem
724 2343 1073 2403 evolutionis
1106 2339 1356 2421 gradum
1389 2338 1738 2418 praeseferre
1764 2348 1841 2388 at-
1920 2328 1924 2333 ’

141 2455 256 2515 que
313 2429 625 2510 amphibiis
684 2428 1000 2506 avibusque
1045 2426 1190 2484 adeo
1251 2423 1492 2503 propius
1557 2415 1846 2485 accedere,

143 2518 228 2576 uti
263 2513 461 2595 quoad
492 2529 683 2593 partes
717 2512 995 2592 genitales
1031 2510 1224 2591 potius
1254 2509 1357 2565 ista
1381 2505 1648 2563 animalia
1671 2521 1844 2580 quam

143 2603 300 2683 ipsos
344 2599 525 2679 pisces
569 2597 838 2655 referant.
895 2596 965 2654 In
1000 2593 1410 2654 inanimalibus
1438 2605 1607 2666 atque
1652 2585 1848 2641 avibus

145 2701 371 2768 parteS,
425 2703 574 2763 quae
618 2681 968 2762 primarium
1014 2681 1282 2739 omnium
1326 2678 1523 2735 locum
1568 2670 1847 2736 obtinent,

149 2787 286 2828 tum.
313 2769 374 2826 in
413 2765 610 2843 cranii,
654 2781 781 2823 tum
823 2765 883 2823 in
930 2764 1180 2846 pectoris
1217 2761 1454 2819 cavitate
1492 2750 1849 2814 animadver-

147 2870 370 2927 tuntur,
393 2852 453 2908 in
476 2849 787 2929 amphibiis
809 2865 980 2929 atque
1001 2849 1252 2929 piscibus
1271 2861 1463 2903 autem
1484 2840 1649 2897 unica
1672 2832 1850 2893 abdo-

151 2938 325 2996 minis
354 2935 561 2994 cavitas
591 2950 645 2992 et
678 2934 1068 3013 generationis
1099 2949 1154 2991 et
1186 2925 1523 3008 digestionis
1557 2937 1745 3002 partes
1765 2918 1851 2974 in-

153 3021 354 3092 cludit,
387 3041 573 3101 eoque
611 3018 848 3076 maioris
882 3017 1156 3098 ponderis
1189 3014 1429 3072 affinitas
1451 3003 1715 3065 habenda
1752 3019 1852 3072 est,

155 3128 300 3187 quae
321 3103 545 3162 seiache
565 3103 715 3161 inter
737 3120 907 3182 atque.
929 3099 1222 3182 amphibia
1241 3091 1565 3163 intercedit,
1588 3090 1631 3148 si
1665 3102 1853 3169 partes

157 3190 455 3272 utriusque
489 3210 655 3246 sexus
673 3187 952 3267 genitales
973 3181 1306 3244 contuleris.
1352 3176 1561 3256 Neque
1582 3172 1853 3231 omitten-

164 3271 305 3331 dum
327 3289 424 3346 est,
452 3271 679 3334 selache
700 3271 990 3351 imprimis
1008 3268 1154 3328 adeo
1175 3289 1206 3324 a
1224 3263 1592 3343 reliquorum
1611 3256 1856 3339 piscium
