2064 3828
1012 267 1086 336 75

210 413 438 470 ctialcm
476 436 541 470 cx
580 416 852 472 ambabus
893 414 1186 493 speciebus
1219 434 1394 468 unam
1442 412 1548 468 sibi
1598 410 1895 490 propriam

207 493 515 569 vindicare,
534 521 710 575 acque
732 521 795 554 ac
816 500 993 554 altera
1014 517 1229 551 occano
1251 516 1463 573 magno
1486 494 1892 571 aequinoctiali

205 580 442 657 propria
469 598 563 636 cst.
610 580 832 637 Malthc
863 582 1013 636 enini
1043 582 1392 653 m2.spertili0
1413 599 1691 633 occanum
1715 577 1893 631 atlan-

208 662 386 718 ticum
430 662 500 718 ad
527 664 897 721 Aniericauas
934 683 1099 728 oras,
1165 659 1245 714 M.
1279 677 1467 716 autem
1504 662 1785 715 stellatus
1836 661 1895 729 (S.

202 743 394 822 Loph.
432 750 668 803 Fauias
699 745 855 824 Cep.)
879 766 1158 803 occanum
1180 766 1456 818 maguum
1486 740 1556 796 ad
1577 739 1892 795 Chincnscs

205 849 335 883 oras
373 828 614 901 habitat,
660 830 734 885 ita
757 846 816 883 ut
836 846 1078 905 utraque
1099 826 1423 882 arctissimis
1455 825 1665 881 finibus
1695 823 1755 878 in
1786 841 1894 877 suo

207 908 505 967 domicilio
537 912 1053 968 circumscribatur.

539 1100 669 1135 GEN.
720 1098 810 1134 20.
867 1092 965 1132 AN
974 1090 1373 1131 TENNARIUS
1403 1070 1567 1128 Com.

326 1244 618 1301 Plurimae
655 1244 868 1321 species
907 1242 1288 1299 Antennarii
1312 1258 1591 1293 oceanum
1624 1255 1905 1311 magnum.

206 1346 261 1386 et
307 1350 485 1386 zonae
522 1325 777 1383 torridae
814 1343 867 1381 ct
890 1339 1236 1402 temperatae
1274 1319 1568 1388 habitant,
1613 1338 1725 1371 una
1766 1317 1903 1372 alte-

202 1433 335 1470 rave
379 1407 788 1470 tantummodo
845 1407 1060 1485 specics
1113 1405 1173 1460 in
1213 1401 1486 1459 atlantico
1538 1419 1756 1456 occano
1814 1420 1903 1455 ae-

200 1493 541 1573 quinoctiali
581 1491 850 1546 occurrit.
911 1489 1008 1545 Est
1049 1509 1124 1542 sc,
1165 1485 1302 1542 Ant.
1362 1486 1618 1554 histrio,
1677 1482 1778 1560 qui
1832 1478 1904 1537 ad

197 1577 534 1635 Americam
571 1573 930 1652 frequentius
978 1572 1343 1640 observatuQ
1400 1588 1586 1644 neque
1626 1567 1816 1621 minus
1844 1565 1906 1620 in

202 1660 332 1739 ipso
372 1681 589 1716 oceano
630 1677 842 1734 niagno
874 1653 1067 1725 deest,
1110 1674 1228 1731 quo
1262 1649 1595 1730 praesertim
1635 1647 1702 1704 ad
1740 1669 1906 1704 oram

205 1740 740 1801 coroniandelicani
786 1737 1053 1794 occurrit.
1143 1736 1344 1792 Altera
1384 1733 1598 1812 specics
1634 1731 1908 1787 america-

199 1850 273 1884 na
311 1844 391 1884 cst
435 1828 506 1882 A.
543 1827 894 1899 laevigatus
916 1821 1114 1893 Base„
1153 1820 1254 1898 qui
1291 1834 1345 1873 et
1381 1815 1451 1873 ad
1484 1837 1646 1871 oram
1685 1815 1906 1871 surina-

199 1932 458 1967 mcuscm
514 1908 766 1964 atlantici
804 1905 1003 1962 oceani
1040 1920 1094 1960 ct
1123 1903 1190 1958 ad
1231 1901 1342 1958 Isle
1382 1899 1453 1955 de
1492 1897 1710 1953 France
1751 1896 1905 1952 insu-

198 1996 316 2051 lam
351 1994 559 2071 inipso
601 2011 816 2068 magno
864 2008 1082 2044 occano
1121 1984 1390 2042 occurrit.
1438 1983 1575 2037 Ant.
1612 1982 1906 2037 ocellatas

204 2076 330 2150 BL,
389 2077 473 2132 uti
509 2074 774 2142 videtur,
835 2072 1007 2130 etiam
1058 2069 1117 2124 in
1154 2067 1423 2125 atlantico
1486 2084 1705 2120 oceano
1754 2083 1907 2118 ame-

198 2162 396 2217 ricano
455 2157 530 2218 ad
573 2157 822 2215 Antilias
883 2153 1099 2212 insulas
1155 2151 1332 2207 vitam
1373 2147 1546 2225 degit.
1621 2145 1903 2223 Reliquae

199 2261 391 2300 autem
429 2264 630 2299 omnes
670 2240 886 2318 species
923 2258 1206 2294 oceanum
1246 2253 1546 2310 magnum,
1604 2250 1762 2285 mare
1803 2249 1903 2305 po-

199 2327 483 2383 tissimum
506 2322 1046 2381 coromandclicum
1068 2316 1356 2386 habitant,
1401 2313 1483 2369 uti
1507 2314 1577 2369 A.
1595 2314 1901 2389 lli-spida&

197 2414 478 2476 striatam,
504 2407 801 2483 bigibbus,
823 2408 1104 2470 Γαηιήιιε,
1126 2400 1258 2472 Til.‚
1286 2398 1750 2463 Commersonii,
1777 2396 1900 2449 clzi-

197 2505 506 2562 ronecteS,
541 2512 798 2569 quorum
827 2486 1104 2568 postremi
1147 2506 1328 2561 usque
1362 2480 1432 2539 ad
1456 2479 1563 2535 Isle
1589 2476 1660 2532 dc
1682 2475 1727 2531 F
1732 2496 1901 2532 rauce

195 2576 446 2634 insulam
476 2571 862 2643 descendunt3
908 2571 1206 2647 A.pictas
1236 2565 1487 2644 denique
1520 2578 1690 2638 atque
1734 2581 1901 2614 mar-

201 2671 504 2730 moratas,
567 2677 848 2713 oceanum
884 2675 1163 2730 magnum
1200 2650 1347 2708 etad
1387 2647 1614 2704 Novam
1654 2641 1900 2698 Hollan-

201 2742 358 2800 diam
409 2758 463 2798 ct
534 2739 605 2796 ad
658 2739 841 2817 ipsam
902 2735 1261 2793 O·Talieitce
1322 2729 1563 2788 insulam
1623 2724 1899 2781 habitant.

206 2825 495 2895 Quocirca
532 2839 614 2880 est.
650 2819 1042 2879 Antennarius
1093 2839 1307 2897 genus,
1356 2812 1608 2870 maribus
1661 2807 1900 2885 tropicis

211 2909 452 2967 omnino
506 2907 844 2986 proprium,
899 2902 1058 2982 quod
1111 2902 1189 2957 cis
1226 2916 1280 2956 ct
1325 2899 1474 2953 ultra
1526 2907 1900 2969 aequatorem

211 2992 383 3056 vitani
439 2991 656 3070 degens
712 2987 952 3046 vixdum
993 2998 1368 3064 temperatam
1418 2999 1626 3036 zonam
1668 2975 1857 3031 intrat.
