2064 3828
975 260 1046 314 25

169 409 477 470 merandos
515 430 631 465 esse
675 411 981 489 suspicans.
1071 408 1225 478 Quin
1261 410 1442 468 innuo
1480 413 1847 473 cel.··Brisso-

158 495 257 550 nio
283 500 333 570 a)
382 492 733 571 peculiarem
776 495 933 549 exiis
981 493 1217 550 classem
1250 498 1605 555 constituere
1637 498 1694 553 in
1729 497 1845 552 ani-

156 578 352 633 animo
400 593 548 639 eram
594 577 695 632 661.
744 576 950 633 Gouan
1001 576 1143 632 raias
1190 578 1432 632 omnino
1479 603 1546 636 ex
1606 581 1845 658 piscium

157 658 396 716 historia
434 659 681 715 naturali
716 661 934 731 omisit,
981 681 1071 716 eas
1108 661 1433 718 inanimalia
1482 663 1727 723 babens:
1771 681 1849 718 at-

156 764 270 821 que
316 744 417 799 cel.
466 743 767 799 Hermann
806 747 863 817 b)
909 743 1227 812 annotavit,
1277 745 1522 800 raiaruni
1577 768 1757 823 genus
1792 747 1847 801 in

155 825 351 883 medio
399 827 560 903 quasi
606 827 781 883 totius
827 826 1088 883 animalis
1133 845 1370 884 naturae
1410 830 1667 886 locatum
1716 852 1850 887 6556.

157 909 448 978 Quocirca
490 911 729 972 omniuo
776 910 1065 987 singulare
1114 909 1371 981 videtur,
1409 934 1540 969 eum
1592 936 1660 970 ex
1715 914 1852 970 Lin-

157 993 281 1048 ιιιιιιὶ
332 994 683 1050 insectorum
730 995 1132 1087 vermiumque
1165 996 1233 1050 61
1226 995 1454 1068 issibus,
1506 998 1566 1052 in
1613 1014 1850 1055 naturae

155 1093 456 1157 &stemate
504 1078 824 1155 postienlis,
870 1079 1079 1133 5ιιι5ἰιιι
1124 1079 1449 1156 sensimque
1490 1097 1600 1136 tam
1654 1082 1851 1160 plures

154 1159 463 1217 evaderent
524 1161 760 1233 classeS,
823 1162 1067 1241 piscium
1142 1162 1413 1233 classmn,
1474 1186 1653 1241 quani
1730 1165 1854 1241 ipse

155 1242 386 1322 disiuru
371 1266 486 1300 ere
517 1244 842 1321 inceperat
888 1245 1152 1301 noudum
1188 1243 1429 1300 divisam
1460 1268 1608 1317 esse,
1652 1269 1856 1324 quam-

156 1291 623 1404 ‹111211110selaehe
668 1326 996 1384 distinctam
1041 1329 1304 1399 classem,
1369 1350 1550 1407 aeque
1594 1290 1742 1386 bene
1789 1353 1856 1386 ac

155 1410 504 1467 inferiorum
557 1409 932 1489 quorundam
977 1410 1149 1469 series
1194 1411 1856 1469 animalium'constitu-

154 1515 249 1550 ere
298 1510 546 1571 possent.
634 1493 892 1551 Piscibus
944 1495 1101 1552 enim
1145 1517 1263 1552 non
1316 1494 1626 1553 commode
1673 1495 1854 1554 adnu-

154 1576 430 1634 meranda
476 1593 660 1634 essent
706 1580 982 1650 selache,
1028 1579 1308 1657 quoniam
1356 1580 1620 1675 ipsorum
1665 1597 1719 1637 et
1759 1604 1854 1638 ex-

153 1677 353 1717 ternae
405 1675 459 1716 et
496 1660 756 1718 internae
812 1662 1060 1719 fabricae
1097 1663 1486 1740 complexus
1471 1665 1854 1742 insigniorem

163 1743 518 1801 evolutionis
563 1743 811 1822 giadum
865 1746 1213 1821 praesefert,
1257 1761 1555 1824 totamque
1608 1746 1863 1825 piscium„

161 1828 532 1904 reliquorum
571 1827 752 1883 labii(
745 1850 849 1882 am
883 1828 1188 1884 antecellit
1275 1827 1420 1903 Ipsis
1454 1846 1703 1887 attamen
1737 1854 1860 1888 am·

156 1910 390 1990 phihiis,
437 1910 503 1966 iis
562 1911 780 1968 etiamsi
836 1911 978 1966 olim
1039 1910 1362 1988 adscripta,
1417 1913 1524 1969 rite
1584 1929 1856 1991 recteque

155 1993 540 2050 nihilominus
585 2015 706 2048 nou
744 2009 875 2048 sunt
919 1991 1392 2067 adnumeranda,
1438 1996 1716 2074 quoniam
1747 1997 1855 2055 ista

154 2077 457 2161 propriam
506 2077 730 2154 saepius
775 2077 1303 2134 conformationem
1358 2077 1659 2152 exhibent,
1704 2103 1851 2159 quae

153 2160 269 2217 illis
312 2157 491 2217 deest.
583 2159 874 2242 Quocirca
918 2160 1001 2216 nil
1047 2159 1206 2218 aliud
1259 2182 1552 2241 superesse
1603 2125 1852 2236 videtur,

155 2266 332 2322 quam
365 2245 606 2300 selaclze
651 2265 679 2299 a
713 2243 955 2322 piscium
991 2245 1167 2301 classe
1212 2245 1531 2324 seiungere,
1577 2265 1748 2327 atque
1780 2270 1849 2306 ex

155 2328 224 2384 iis
258 2327 557 2406 propriam
597 2326 946 2385 constituere
984 2331 1272 2397 classem,
1307 2330 1714 2389 intermediam
1737 2354 1853 2395 aan-

156 2409 356 2492 phibia
410 2410 559 2468 inter
605 2427 659 2468 et
722 2411 916 2490 pisces,
1003 2412 1182 2490 Signa
1230 2430 1423 2470 autem
1485 2414 1856 2473 selachorum

156 2495 350 2552 classis
394 2493 868 2567 characteristica,
910 2495 1130 2552 etiamsi
1167 2495 1459 2554 exarando
1507 2497 1865 2572 difficilioia,

157 2578 499 2656 neutiquam
546 2595 738 2635 tamen
795 2576 1068 2637 cederent
1100 2580 1249 2653 illis,
1295 2603 1550 2659 quornm
1607 2604 1717 2661 ope
1762 2600 1859 2639 aut

156 2679 448 2719 crustaeea
504 2679 602 2720 aut
673 2661 1013 2720 arachnicles
1074 2681 1173 2720 aut
1237 2663 1533 2722 annelides
1586 2683 1681 2722 aut
1734 2667 1858 2746 ipsa

159 2763 403 2804 entozoa
468 2744 541 2803 ad
594 2747 860 2825 proprias
912 2748 1117 2804 classes
1176 2749 1517 2805 evehuntur
1611 2748 1708 2806 Uti
1754 2773 1851 2806 au-

155 2845 273 2888 tem
315 2830 418 2887 ista
474 2830 636 2908 signa
698 2832 805 2887 rite
872 2832 1234 2905 condantur,
1283 2832 1628 2910 penitiores,
1675 2855 1853 2911 quam

156 2914 277 2993 ipse
316 2911 616 2992 possideo,
662 2912 1090 2992 disquisitiones
1117 2914 1188 2973 de
1224 2915 1593 2985 selachorum
1636 2917 1852 2977 fabrica

158 2998 560 3077 requiruntur:
587 3000 974 3077 quamobrem
1004 2999 1187 3078 ipsam
1206 3000 1574 3056 selachorum
1595 3000 1853 3074 classem,

156 3103 304 3159 quae
357 3084 541 3156 firma,
584 3099 648 3139 ut
706 3083 812 3140 rite
857 3084 1194 3157 stabiliatur,
1239 3084 1514 3141 suffulcra
1572 3087 1850 3164 exposcit,

216 3226 260 3279 a)
291 3223 522 3275 Brismn,
572 3238 762 3278 regnum
780 3224 1006 3276 animale,
1037 3238 1080 3278 p.
1113 3221 1153 3264 6.

212 3278 261 3334 b)
294 3279 572 3336 Hermann,
603 3283 658 3325 de
697 3280 964 3327 affinitatum
1008 3277 1187 3325 animal.
1225 3278 1410 3333 Argent
1445 3276 1564 3333 1783.
1599 3293 1640 3337 p.
1675 3284 1772 3335 294.
