2142 4005
156 842 334 932 DE
410 827 1372 927 SELACHORUM
1461 823 1856 914 LOCO

375 1065 474 1124 IN
528 1055 1107 1123 SYSTEMATE
1162 1049 1648 1113 NATURAE.

163 1493 394 1600 Series
446 1537 785 1595 animalium
825 1530 976 1593 inter
1015 1551 1073 1590 se
1112 1523 1363 1589 invicem
1401 1547 1550 1584 nexa
1599 1519 1677 1583 ita
1716 1539 1875 1585 arcte

162 1635 573 1706 concluditur,
617 1650 685 1692 ut
735 1633 986 1690 maxima
1031 1630 1255 1710 saepius
1303 1641 1509 1704 urgeat
1546 1623 1878 1695 difficultaS,

165 1724 425 1778 classem
449 1718 790 1777 animalium
828 1734 927 1774 aut
963 1717 1208 1774 alteram
1243 1712 1313 1768 ab
1345 1711 1522 1767 altera
1561 1709 1711 1766 notis
1744 1708 1880 1765 satis

163 1802 443 1861 distinctis
476 1809 799 1880 sejungere,
839 1817 936 1857 aut
973 1818 1189 1856 nomen
1230 1793 1394 1851 classi
1431 1813 1744 1850 commune
1784 1812 1882 1848 ex-

164 1888 452 1967 cogitare,-
496 1887 659 1943 cuius
690 1901 879 1962 neque
917 1874 1129 1939 limites
1159 1875 1478 1935 accuratius
1515 1874 1879 1932 animadver-

167 1987 389 2043 tuntur,
434 1989 624 2047 neque
679 1967 924 2022 omnino
979 1965 1040 2019 in
1094 1977 1300 2017 natura
1346 1956 1542 2016 adesse
1582 1953 1883 2032 videntur;

165 2076 305 2111 nam
345 2053 519 2110 series
571 2048 912 2107 animalium
966 2062 1196 2124 sempet-
1247 2058 1363 2099 una
1408 2038 1731 2119 eademque
1774 2057 1878 2115 est,

165 2154 338 2216 atque
368 2136 428 2192 in
460 2133 570 2192 hac
614 2127 1028 2188 tantummodo
1066 2123 1407 2186 animalium
1447 2124 1736 2205 quaedam
1773 2146 1881 2183 no*

168 2221 241 2277 tis
285 2216 541 2299 gaudent
592 2216 877 2296 proprii5‚
920 2207 1190 2295 classium
1234 2227 1373 2291 puta
1420 2225 1880 2288 repraesentato-

166 2301 301 2376 τεῇ
328 2303 387 2359 in
425 2300 622 2359 medio
668 2299 974 2358 collocati:
1042 2313 1328 2355 extremas
1377 2309 1627 2350 attamen
1682 2311 1877 2374 partes

169 2387 438 2446 animalia
472 2401 704 2460 tenent,
748 2405 895 2463 quae
927 2381 1237 2438 transitum
1278 2376 1352 2435 ad
1386 2378 1630 2435 alteram
1666 2375 1880 2435 ‘consti-

168 2487 341 2528 tuunt
371 2470 636 2543 classem,
681 2479 853 2547 atque
903 2466 1180 2546 probant,
1215 2478 1359 2543 typo
1396 2462 1572 2518 unico
1610 2455 1883 2521 animalia

172 2571 382 2626 creata,
417 2566 793 2632 catenamque
824 2546 884 2608 in
921 2549 1132 2608 multas
1164 2546 1339 2606 series
1374 2543 1691 2619 diductam,
1711 2568 1883 2626 supe·

165 2639 423 2698 rioribus
452 2654 632 2717 aeque
662 2660 727 2696 ac
753 2633 1129 2695 inferioribus
1161 2630 1506 2689 animalibus
1544 2652 1876 2689 accommo-

173 2723 372 2781 datam
424 2726 559 2779 esse.

299 2807 746 2883 Nonnunquam
781 2818 976 2860 autem
1011 2793 1280 2859 animalia
1316 2790 1604 2878 quaedam
1649 2794 1881 2861 habitus

173 2891 418 2950 omnino
461 2887 741 2970 paradoxi
795 2885 869 2944 ad
901 2898 1162 2944 nostram
1203 2883 1549 2964 perveniunt
1590 2885 1881 2964 cognitio-

175 2998 343 3050 nem3
393 2991 449 3032 at
493 2993 683 3052 neque
720 2969 864 3029 haec
902 2966 1122 3043 mirari,
1159 2987 1350 3047 neque
1386 2968 1630 3025 omnino
1676 2967 1748 3028 de
1787 2991 1886 3028 or·

176 3059 315 3119 dine
359 3058 700 3116 animalium
754 3049 1005 3136 naturali
1042 3053 1309 3111 dubitare
1355 3052 1548 3124 liceat,
1595 3069 1885 3131 quaenam

178 3144 337 3202 enim
358 3160 564 3202 eorum
603 3159 735 3222 pars
773 3136 943 3198 nobis
982 3135 1186 3219 patet?
1274 3136 1408 3205 Quo
1454 3136 1721 3196 altiorem
1763 3138 1886 3197 ani-

177 3228 296 3286 mal
344 3227 405 3285 in
456 3241 761 3309 systemate
800 3224 1000 3282 locum
1060 3216 1311 3295 obtinet5
1356 3239 1475 3298 quo
1524 3217 1708 3302 magis
1746 3244 1886 3283 ocu..

174 3307 247 3370 lis
284 3311 671 3372 observatoris
709 3330 830 3370 sese
866 3307 1129 3382 exhibet,
1173 3326 1242 3364 eo
1295 3302 1479 3385 magis
1535 3306 1659 3364 eius
1689 3323 1885 3388 partes·

1511 3409 1534 3445 1
