2064 3828
1024 207 1099 261 48

209 386 359 443 quae
416 360 668 437 denique
725 357 862 437 ipsis
897 356 1158 428 selachis,
1209 355 1596 435 utplurimum
1637 352 1901 410 carnivo-

200 450 308 518 riS,
346 445 568 501 varium
623 439 992 520 suppeditant
1031 440 1263 508 victum.
1353 438 1738 496 Selachorum
1793 437 1904 492 alia

199 531 417 587 victum
447 527 505 583 in
552 525 667 582 hoc
723 522 1135 594 solummodO,
1181 523 1288 579 alia
1336 522 1394 578 in
1455 521 1559 577 illo
1627 520 1771 576 mari
1824 520 1913 575 in-

199 612 454 683 veniunt,
489 607 806 666 secundum
834 607 987 664 varia
1023 606 1291 663 animalia
1323 622 1495 682 atque
1533 603 1710 660 varias
1750 603 1910 680 plan-

197 713 314 766 taS,
358 695 417 751 in
449 714 666 749 oceano
707 692 832 768 ipso
874 706 1261 747 occurrentes.
1351 687 1499 743 Cum
1544 701 1737 742 antem
1775 706 1905 741 oce·

201 800 342 835 anus
381 775 785 854 aequatorialis
820 774 1135 844 mollusciS,
1159 770 1483 840 crustaceiS,
1526 769 1775 847 piscibus
1810 766 1910 822 ali-

198 862 360 940 isque
409 859 750 916 animalibus
806 856 1048 913 marinis
1103 854 1394 925 abundat,
1453 853 1514 909 in
1575 852 1679 909 illo
1732 851 1908 907 etiam

198 943 585 1025 potissimum.
615 939 987 996 selachorum
1026 939 1243 1018 species
1292 935 1535 1015 degere,
1580 934 1901 991 accuratior

202 1050 412 1085 eorum
450 1021 873 1081 distributionis
919 1021 1281 1100 comparatio
1334 1018 1616 1098 patefacit.
1708 1017 1906 1086 Quan-

205 1128 288 1168 tas
320 1127 492 1187 atque
528 1130 704 1186 quam
741 1105 925 1162 varias
964 1106 1187 1162 formas
1218 1102 1427 1182 tropici
1466 1102 1641 1158 maris
1679 1098 1906 1157 selaehe

204 1195 543 1264 exhibeant,
590 1190 953 1269 potissimum
1007 1205 1188 1267 patet,
1232 1187 1279 1244 si
1315 1208 1406 1244 eas
1453 1209 1587 1242 cum
1646 1182 1914 1264 paurissi·

205 1277 313 1335 mis
356 1293 526 1354 atque
578 1296 785 1352 parum
841 1272 1258 1330 excellentibus
1293 1269 1592 1351 speciebus
1631 1268 1907 1345 utrinque

202 1363 354 1419 eirea
408 1358 643 1416 vertices
681 1355 1015 1413 contuleris,

327 1443 593 1520 Seperest
641 1438 894 1518 denique
953 1455 1244 1518 postrema
1295 1436 1668 1496 selachorum
1720 1432 1913 1491 distri-

200 1526 460 1587 butionis
519 1547 721 1594 causa,
786 1545 933 1601 quae
985 1545 1054 1580 cx
1119 1525 1276 1580 varia
1341 1521 1540 1579 oceani
1595 1520 1913 1594 salsugine

204 1627 378 1689 atque
430 1609 775 1683 asperitate
829 1605 1145 1683 repetenda
1205 1627 1324 1663 esse
1370 1603 1615 1660 videtur.
1705 1602 1913 1678 Aquae

200 1694 379 1752 salsae
422 1690 481 1747 in
521 1687 749 1746 selache
801 1687 1052 1744 influxus
1096 1686 1255 1744 haud
1307 1688 1469 1765 parvi
1507 1683 1915 1755 aestiman‹lus,

206 1800 342 1835 cum
380 1795 582 1832 omnes
624 1773 743 1829 fere
773 1771 1144 1829 selachorum
1201 1771 1418 1849 speeies
1457 1770 1513 1825 in
1554 1792 1701 1846 aqua
1741 1766 1913 1822 mari-

205 1884 280 1919 na
333 1858 512 1916 vitam
572 1854 794 1934 degunt
849 1870 1025 1932 atque
1091 1854 1378 1911 rarissime
1436 1874 1632 1909 amnes
1678 1852 1915 1922 intrant,

206 1943 295 2001 uti
339 1963 408 1999 ex
442 1940 693 1996 raiarnm
725 1959 937 2015 genere
971 1936 1286 1993 nonnullae
1326 1937 1541 2015 species
1583 1935 1916 2013 Sequanam

205 2025 451 2085 fluvium
489 2020 838 2079 adscendere
872 2019 1161 2076 dicuntur.
1250 2021 1496 2098 Salsngo
1529 2036 1720 2075 antem
1741 2035 1915 2095 atque

207 2109 482 2188 asperitas
532 2104 706 2162 maris
757 2126 826 2162 ex
870 2104 1042 2161 variis
1095 2103 1308 2160 salibus
1354 2102 1642 2181 originem
1678 2100 1912 2157 trahere

201 2208 440 2264 constat,
461 2212 529 2247 ex
548 2187 792 2245 mut-iate
814 2209 888 2244 sc,
911 2204 965 2244 et
985 2188 1071 2243 sul
1079 2186 1251 2266 phate
1282 2185 1474 2259 sodae,
1511 2185 1836 2263 magnesiae
1857 2199 1913 2241 et

205 2277 408 2347 calciS,
452 2294 598 2352 quae
638 2294 794 2329 nunc
841 2270 1090 2342 maiore,
1130 2293 1284 2327 nunc
1321 2271 1549 2326 minore
1599 2268 1917 2347 quantitate

207 2381 390 2439 aquae
444 2356 701 2414 marinae
754 2354 1077 2435 inhaerent.
1183 2353 1452 2412 Testibus
1500 2352 1915 2427 Lichtenberg,

209 2444 368 2501 Pfaff
394 2457 448 2499 et
499 2438 680 2508 Link,
726 2437 1137 2516 expertissimis
1189 2438 1352 2510 viris,
1397 2460 1543 2516 aqua
1590 2435 1762 2492 maris
1794 2435 1916 2490 bal-

205 2528 302 2585 tici
335 2526 429 2583 vix
465 2521 770 2578 dimidiam
806 2521 1012 2577 salium
1046 2537 1268 2600 partem
1291 2521 1542 2594 exhibet,
1575 2542 1750 2598 quam
1784 2517 1917 2596 ipsi-

209 2634 274 2668 us
314 2606 512 2667 oceani
546 2625 723 2684 aqua:
772 2620 941 2682 atque
986 2627 1045 2662 re
1076 2626 1208 2661 vera
1244 2604 1522 2661 balticum
1559 2624 1717 2660 mare
1759 2623 1913 2656 sum-

209 2713 450 2773 mopere
497 2705 657 2746 vacat
694 2687 1037 2745 animalibus
1069 2688 1341 2762 marinis,
1389 2687 1726 2767 praesertim
1762 2707 1790 2740 e
1832 2705 1916 2739 se-

208 2776 521 2838 lachorum
561 2771 906 2851 generibus,
953 2794 1209 2849 quorum
1262 2769 1639 2829 solummodo
1685 2767 1916 2845 squalo-

186 2855 347 2919 .rum
387 2856 662 2916 nonnulli
691 2854 814 2911 illic
865 2856 1073 2933 passim
1111 2872 1442 2913 occurrunt.
1529 2853 1612 2909 Ex
1653 2851 1918 2930 fluribus

213 2966 392 3024 aquae
431 2940 686 2999 marinae
739 2938 1064 3016 analysibus
1113 2939 1215 2995 cel.
1274 2940 1746 3012 Gay-Lysmc,
1794 2933 1915 3012 ipse

216 3025 517 3086 concludit
549 3025 630 3102 u),
661 3020 733 3079 ad
783 3024 880 3078 10O
898 3023 993 3080 lat.
1022 3024 1150 3079 hor.
1185 3020 1538 3100 salsuginem
1579 3040 1759 3097 aquae
1798 3041 1918 3075 ma-

270 3225 317 3276 u)
352 3223 511 3270 Annal.
545 3222 602 3266 de
648 3219 823 3266 chenne
859 3229 906 3265 et
933 3217 1157 3277 physique
1190 3214 1274 3266 VI.
1313 3216 1409 3270 429.
