2064 3828
1024 284 1097 342 26

209 453 536 541 plurimum
566 441 917 502 crassissimo
940 438 1245 518 capiteque
1283 438 1470 495 multo
1500 436 1705 494 latiore
1726 478 1741 508 ,
1784 429 1913 514 pin·

211 542 299 600 nis
323 529 650 593 dorsalibus
669 526 857 608 spinis
886 522 1193 594 instructiS,
1211 522 1385 601 pinna
1417 519 1634 577 dorsali
1668 518 1918 576 secunda

209 616 601 687 ventralibUS,
650 611 710 669 in
749 625 1039 689 postrema
1076 607 1340 685 corporis
1377 620 1536 683 parte
1565 603 1919 660 occurrentia

204 710 350 777 bus,
383 722 541 758 nunc
576 693 873 775 opposita,
909 713 1065 748 nunc
1086 689 1422 770 postposita.
1468 687 1604 743 Huc
1636 701 1912 765 spectant:

202 786 387 870 squal.
434 778 725 858 Philippi,
772 773 1097 844 acanthias,
1143 773 1377 852 spinax,
1414 770 1702 841 centrina,
1746 790 1918 847 squa-

203 890 404 935 mosus
461 865 690 941 aliique.
778 859 1006 928 Quibus
1061 857 1197 913 dein
1248 853 1471 932 reliqua
1541 851 1915 913 selachorum

203 976 434 1040 genera,
473 942 866 1020 multomagis
899 939 1182 1013 distincta,
1204 939 1658 997 etachmerilo
1703 953 1757 994 et
1801 937 1919 992 Cau·

209 1043 383 1098 viero
427 1048 482 1090 et
500 1028 879 1088 Blainvilleo
902 1022 1163 1096 condita,
1209 1024 1526 1099 Sqaatina
1549 1042 1655 1092 sc.,
1692 1022 1921 1077 Pristis

207 1140 264 1184 et
300 1123 600 1195 Zygaena
638 1124 998 1189 sequuntur,
1044 1105 1144 1164 illa
1163 1105 1322 1164 enim
1361 1106 1437 1162 ob
1461 1120 1632 1185 caput
1669 1103 1923 1161 liberum

208 1207 536 1289 pinnasque.
583 1195 732 1275 ipsas
793 1191 1118 1271 pectorales
1167 1206 1501 1247 antrorsum
1550 1208 1748 1246 versus
1784 1186 1928 1243 libe-

206 1312 336 1361 ras,
399 1280 597 1341 Pristis
638 1293 831 1336 autem
880 1276 957 1333 ob
999 1290 1170 1353 caput
1227 1273 1288 1331 in
1341 1288 1597 1331 rostrum
1650 1270 1926 1349 utrinque

209 1385 498 1433 serratum
545 1378 914 1444 protrusum,
978 1375 1149 1436 atque
1186 1357 1460 1437 Zygaena
1496 1357 1572 1413 ob
1611 1356 1793 1413 latum
1835 1375 1925 1410 ca·

205 1473 345 1540 put,
406 1473 541 1508 cum
579 1465 829 1524 corpore
865 1441 1246 1499 malleiformi
1288 1438 1384 1498 „sat
1428 1461 1719 1521 superque
1784 1457 1923 1518 pro-

204 1540 336 1624 pria
392 1554 604 1614 genera
642 1531 901 1588 formare
949 1541 1206 1605 possunt.

336 1619 432 1678 Sic
470 1616 639 1673 etiam
686 1613 939 1669 Cuvierz'
976 1607 1313 1666 distributio
1361 1607 1811 1665 CHIMAERARUM
1861 1604 1923 1662 in

210 1705 332 1765 duo
384 1720 595 1779 genera
618 1740 633 1768 ‚
705 1694 765 1750 in
816 1694 1001 1771 ipsam
1064 1693 1464 1750 Chimaeram
1532 1706 1703 1769 atque
1783 1690 1924 1745 Cal-

210 1784 618 1862 lorlzynclmm
656 1771 959 1836 retinenda
1010 1789 1125 1844 est,
1188 1774 1273 1831 uti
1309 1789 1363 1831 et
1394 1773 1515 1829 eius
1556 1771 1923 1830 LoPHIORUM

211 1891 453 1953 genera,
497 1885 645 1942 quae
665 1862 1011 1935 Lopln'um,
1045 1858 1511 1914 Antennarium
1547 1872 1600 1913 et
1634 1856 1926 1913 Malthen

209 1957 445 2021 sistunt,
492 1948 706 2027 quibus
726 1958 917 1999 autem
954 1961 1174 1997 novum
1212 1961 1395 2018 genus
1428 1938 1927 1997 antediluvianum

220 2061 292 2099 ex
333 2032 550 2094 fodinis
572 2026 792 2084 Montis
828 2023 1042 2081 Bolcae
1083 2038 1347 2095 erutum,
1387 2021 1721 2095 accederet,
1764 2020 1931 2102 quod

210 2120 481 2182 habitum
510 2111 701 2193 lophii
742 2111 863 2167 fere
903 2108 1113 2179 refert,
1160 2122 1214 2163 at
1235 2106 1426 2184 pinnis
1462 2107 1686 2184 magnis
1725 2122 1923 2183 pecto-

213 2204 467 2274 ralibuS,
510 2196 830 2273 elongatiS,
890 2188 1137 2248 malthes
1193 2188 1588 2268 vespetilionis
1647 2188 1923 2262 adinstar,

215 2291 369 2347 inter
387 2300 702 2359 utrumque
720 2296 901 2357 genus
916 2271 1329 2332 intermedium
1348 2272 1507 2343 sistit,
1522 2270 1688 2351 quod
1702 2274 1928 2329 Litho-

216 2372 415 2448 lophii
449 2364 687 2422 nomine
717 2360 937 2418 donare
967 2357 1175 2430 libeat3
1221 2356 1404 2436 capite
1443 2349 1599 2413 enim
1629 2357 1749 2414 lato
1787 2359 1929 2435 gau-

219 2455 345 2528 det,
417 2449 732 2508 maximam
776 2441 1043 2520 corporis
1082 2457 1308 2520 partem
1358 2456 1715 2519 occupante,
1777 2439 1932 2496 rictu

220 2537 456 2616 ampIO,
517 2530 709 2612 pinnis
751 2525 1143 2608 pectoralibus
1200 2523 1603 2602 longissimiS,
1667 2522 1930 2581 ossiculis

220 2621 452 2682 radium
515 2630 686 2693 atque
739 2609 998 2667 cubitum
1049 2609 1471 2666 aemulantibus
1525 2606 1812 2679 suffultiS,
1873 2621 1931 2663 ct

217 2705 417 2789 potius
476 2714 839 2779 postrorsum
890 2691 1130 2771 positis,
1205 2693 1282 2749 ita
1334 2707 1398 2748 ut
1455 2691 1641 2748 multo
1694 2688 1931 2768 longius

219 2793 294 2848 ab
333 2802 591 2847 extrema
636 2777 836 2858 capitis
868 2790 1028 2854 parte
1067 2798 1244 2854 quam
1286 2797 1318 2832 a
1352 2773 1565 2833 caudae
1615 2773 1775 2852 apice
1830 2770 1932 2830 de-

221 2874 371 2945 sint,
419 2891 555 2927 cum
592 2886 623 2923 e
659 2877 862 2922 contra
896 2856 1088 2936 lophii
1140 2859 1353 2939 pinnae
1402 2857 1687 2915 ventrales
1740 2856 1930 2913 multo

221 2956 521 3015 breviores
570 2950 631 3006 in
681 2943 972 3004 anteriore
1028 2943 1295 3021 corporis
1348 2956 1511 3022 parte
1567 2936 1930 2997 animadver-

221 3055 447 3107 tantur,
492 3053 674 3115 quare
694 3030 865 3089 etiam
885 3025 1174 3104 posterior
1213 3025 1333 3083 eius
1354 3046 1516 3104 parS,
1549 3021 1732 3079 cauda
1763 3042 1932 3080 exor-

224 3140 356 3181 nata
377 3167 391 3193 ,
431 3120 519 3177 bis
539 3119 660 3174 fere
681 3112 864 3193 capite
887 3108 1123 3186 longior
1143 3107 1349 3188 evadit,
1372 3105 1690 3187 eademque
1710 3105 1933 3166 ratione

231 3207 412 3289 pinna
433 3199 687 3262 caudalis
708 3196 913 3276 exigua
933 3207 1030 3249 est.

919 3345 1247 3366 ψ*-
