2064 3828
954 234 1027 288 35

129 388 273 449 tudo
308 388 525 446 cerebri
562 402 823 465 respectu
856 385 1034 463 longe
1066 382 1260 439 minor
1293 382 1378 454 sit,
1411 403 1587 461 quam
1616 381 1674 439 in
1707 383 1829 441 aliis

120 473 393 553 piscibus.
480 470 656 528 Nunc
687 468 937 547 denique
980 465 1267 546 quaedam
1302 464 1373 522 de
1425 489 1699 523 sensuum
1736 487 1832 523 or-

118 556 280 634 ganis
320 557 583 632 proferre
614 554 812 624 liceat,
859 551 929 607 ad
956 572 1161 607 eorum
1195 571 1328 604 cum
1369 549 1678 627 amphibiis
1711 552 1830 607 affi-

116 638 353 695 nitatem
400 639 584 717 magis
637 635 828 693 adhuc
879 631 1303 691 illustrandam.
1395 631 1703 689 Processus
1751 635 1829 690 ci-

114 722 303 792 liares,
349 722 785 800 amphibiorum
824 716 1199 797 quorundam
1242 715 1442 786 oculis,
1482 715 1831 773 lacertarum

116 804 590 884 serpentiumque
649 805 831 861 immo
884 804 1170 872 absenteS,
1215 801 1273 857 in
1327 799 1540 878 squalis
1600 821 1830 856 nonnu-

113 887 187 944 lis
265 888 398 944 satis
456 890 784 947 elaboratos
831 885 1168 957 observavi3
1213 883 1597 960 ligamentum
1645 904 1827 962 porro

110 971 457 1048 squalorum
517 972 780 1052 plurium
826 972 1370 1039 membranaceum,
1436 967 1591 1048 poris
1635 983 1831 1046 pertu-

112 1075 259 1126 sum,
295 1055 471 1133 plicas
503 1054 835 1114 olfactorias
865 1051 1144 1117 dividens,
1185 1051 1326 1108 ossis
1359 1048 1680 1107 ethmoidei
1721 1052 1829 1107 uti-

116 1159 229 1216 que
295 1139 544 1198 laminae
606 1137 1072 1214 comparandt'tm
1145 1152 1265 1205 est,
1329 1149 1501 1212 atque
1574 1137 1831 1192 raiarum

111 1221 576 1302 squalorumque
633 1221 862 1279 auditus
924 1241 1188 1298 organon
1263 1217 1535 1273 animalia
1611 1217 1824 1274 haecce

112 1304 358 1361 omuino
406 1306 724 1386 amphibiis
774 1303 965 1360 affinia
1003 1300 1248 1360 reddere
1295 1300 1513 1356 nullius
1563 1302 1684 1357 fere
1737 1323 1829 1357 ar-

115 1389 379 1466 gumenti
429 1406 574 1468 eget.
664 1386 930 1445 Tritonis
976 1385 1241 1442 lacustris
1290 1382 1519 1440 auditus
1557 1404 1828 1463 organon

112 1493 142 1527 a
181 1473 434 1528 raiarum
472 1474 933 1552 squalorumque
971 1470 1065 1526 vix
1103 1467 1324 1527 differri
1357 1484 1570 1545 potest,
1619 1468 1831 1526 desunt

109 1554 177 1612 iis
227 1555 466 1633 quidem
513 1557 710 1613 omnia
763 1552 994 1610 auditus
1055 1575 1273 1633 organa
1336 1568 1604 1627 externa,
1667 1550 1829 1609 adest

109 1655 303 1696 autem
352 1656 603 1718 utroque
637 1643 886 1697 fenestra
941 1637 1149 1708 ovaliS,
1193 1637 1252 1694 in
1292 1634 1506 1692 tritone
1541 1635 1825 1714 operculo

110 1722 488 1802 cartilagineo
538 1724 595 1780 in
647 1725 795 1792 raiiS,
841 1720 1171 1799 squalisque
1215 1719 1661 1777 membranaceo
1720 1719 1825 1776 ob-

110 1821 254 1866 tecta
278 1850 291 1877 ,
337 1807 395 1863 in
445 1807 717 1864 omnibus
752 1820 944 1862 autem
979 1805 1084 1860 sub
1125 1821 1253 1862 cute
1284 1801 1482 1858 latenS.
1529 1802 1823 1862 Interiora

110 1906 304 1946 autem
337 1889 565 1947 auditus
597 1912 842 1968 organa,
890 1888 1239 1944 vestibulum
1273 1906 1407 1940 cum
1434 1885 1826 1944 ossiculorum

109 1975 372 2045 saecule,
419 1996 663 2030 massam
695 1974 1013 2030 calcaream
1046 1971 1415 2041 continente,
1459 1969 1684 2026 canales
1708 1986 1825 2028 tres

108 2058 566 2114 semicircularcs
615 2057 922 2134 omnisque
962 2074 1170 2110 eorum
1224 2052 1450 2130 reliqua
1490 2054 1825 2110 conforma·

106 2140 189 2197 tio
229 2141 286 2197 in
331 2157 582 2220 utroque
625 2139 771 2198 adeo
812 2138 1028 2211 affinia,
1074 2154 1137 2194 ut
1172 2139 1360 2198 maior
1391 2136 1540 2193 inter
1587 2159 1645 2195 se
1674 2137 1824 2194 invi·-

109 2246 235 2281 eem
273 2223 592 2281 similitudo
625 2247 745 2281 non
789 2222 968 2304 possit
1007 2244 1128 2280 non
1159 2220 1433 2303 reperiri,
1477 2219 1661 2278 immo
1691 2243 1823 2278 ner-

109 2329 323 2365 vorum
382 2309 769 2366 acustieorum
818 2305 1152 2365 distributio
1188 2307 1248 2364 in
1291 2303 1661 2363 selaehorum
1701 2328 1822 2362 am-

109 2390 572 2471 phibiorumque
619 2391 827 2450 ordine
883 2390 1176 2448 simillima
1231 2408 1327 2448 est.
1414 2388 1588 2445 Alius
1646 2389 1819 2447 etiam

109 2476 384 2533 transitus
444 2493 891 2555 argumentum,
936 2496 968 2530 a
1018 2475 1121 2533 cel.
1171 2475 1517 2532 Hermanno
1562 2473 1822 2545 allatum,

111 2576 168 2616 et
206 2559 302 2617 hic,
340 2581 807 2618 commemorare
846 2560 1032 2632 liceat,
1071 2557 1261 2638 lophii
1294 2581 1367 2615 se.
1398 2557 1822 2636 vespertilionis

108 2661 593 2722 monstrosaeque
630 2644 958 2702 chimaerae
993 2643 1256 2721 linguam
1295 2641 1533 2700 bifidam
1589 2638 1819 2698 selache

110 2725 306 2784 denuo
357 2751 488 2784 cum
542 2728 980 2808 amphibiorum
1034 2725 1410 2807 quibusdam,
1468 2725 1549 2781 uti
1585 2745 1820 2802 serpen-

109 2811 263 2869 tibus
295 2812 671 2890 coniungere,
709 2829 880 2892 atque
912 2813 1096 2893 magis
1128 2811 1428 2890 magisque
1459 2829 1664 2867 eorum
1698 2809 1819 2865 affi-

110 2895 316 2953 nitates
372 2899 741 2954 confirmare.

233 2979 482 3038 Altioris
526 2981 585 3038 in
619 2997 922 3060 systemate
963 2997 1201 3037 naturae
1241 2976 1457 3057 gradus
1499 2998 1677 3055 quam
1725 2996 1815 3033 re-

108 3060 256 3140 liqui
309 3068 519 3139 pisces
578 3067 821 3122 selaclze
894 3064 1065 3145 (raias
1129 3064 1396 3141 squalos,
1478 3059 1816 3132 chimaeras,

111 3144 485 3226 lophiosque)
507 3150 883 3229 participere,
928 3172 1059 3205 cuni
1097 3146 1347 3203 maxime
1393 3142 1697 3201 ostendere
1718 3163 1817 3200 co-

113 3231 326 3307 nabar,
397 3254 554 3290 nune
599 3232 888 3312 quaedam
952 3230 1024 3290 de
1067 3230 1313 3288 illorum
1358 3228 1507 3287 inter
1561 3249 1620 3286 se
1669 3226 1817 3295 invi-⁸
