2064 3828
977 272 1045 342 39

145 420 516 499 mutilorum,
562 437 809 497 corpore
849 420 1004 475 oculi
1043 418 1222 475 ciliari
1250 419 1641 500 palpebraque
1678 440 1845 498 supe-

143 507 328 575 riore,
380 503 462 558 uti
508 503 956 581 interpretatur,
1028 502 1283 580 insigne,
1342 505 1644 582 omnisque
1686 505 1847 581 glan-

140 588 312 645 dulae
363 587 605 664 pisrium
650 587 822 642 oculo
860 587 1133 665 propriae
1171 588 1664 664 campanulaeque
1704 584 1847 643 Hal-

139 672 247 728 leri
287 671 573 744 aliscntia3
622 668 849 726 auditus
892 692 1156 747 organon
1218 669 1276 724 iu
1327 669 1560 746 propria
1600 670 1840 728 cavitate

140 754 537 831 cartilaginea,
597 778 626 811 a
659 754 881 811 cerebri
926 754 1164 810 cavitate
1201 753 1489 823 seiuncta,
1534 754 1842 825 inclusum,

137 841 383 895 fenestra
408 837 555 894 ovali
587 854 890 909 ornatum,
934 837 1301 893 selachorum
1343 838 1647 893 cerebrum
1671 852 1842 913 atque

138 943 410 978 sensuum
471 943 687 1000 organa
750 920 821 978 ad
867 921 1134 978 altiorem
1190 920 1538 978 evolutionis
1594 918 1845 998 gradum

137 1005 406 1063 evehunt.
495 1004 601 1062 Cui
650 1023 703 1063 et
738 1006 1038 1084 utriusque
1096 1027 1261 1062 sexus
1318 1019 1503 1083 partes
1542 1002 1839 1081 genitales,

134 1111 234 1145 sua
255 1088 469 1144 fabrica
493 1111 847 1168 magnopere
869 1090 1229 1160 excellenteS,
1250 1086 1546 1143 accedunt:
1570 1085 1843 1143 ovarium

138 1173 493 1243 falciforme,
541 1174 986 1250 planiusculum,
1027 1172 1213 1229 ovulis
1258 1187 1475 1227 scatens
1523 1169 1845 1247 permultis,

138 1256 588 1334 tenuissimaque
611 1257 804 1313 tunica
835 1256 1148 1313 obducitur
1169 1298 1183 1326 9
1229 1277 1256 1310 a
1281 1273 1399 1331 quo
1439 1251 1597 1308 haud
1634 1251 1843 1329 procul

139 1338 448 1396 oviductus
503 1339 821 1417 incipiunt,
913 1339 1185 1416 utrinque
1253 1336 1479 1392 orificio
1542 1335 1730 1390 libero
1784 1333 1848 1389 in

139 1422 471 1480 abdominis
505 1422 805 1479 cavitatem
830 1421 1086 1494 hianteS‚
1132 1437 1303 1499 atque
1341 1420 1600 1476 canalem
1639 1416 1846 1474 sistunt

142 1507 570 1584 angustiorem,
609 1506 810 1562 intima
864 1505 1178 1562 musculari
1222 1503 1415 1560 tunica
1469 1503 1680 1581 plicata
1753 1500 1844 1557 in-

141 1590 400 1668 signem,
467 1589 547 1645 uti
590 1609 730 1661 ova,
788 1588 1130 1647 oviductum
1181 1588 1481 1656 intrantia,
1543 1588 1619 1643 ob
1681 1584 1844 1641 illius

137 1696 519 1753 permagnam
560 1695 617 1729 se
670 1674 858 1752 ipsam
896 1671 1240 1731 extendendi
1288 1671 1619 1727 facultatem
1658 1689 1726 1724 eo
1762 1669 1848 1724 fa·

134 1758 301 1815 cilius
323 1757 393 1815 ad
413 1759 598 1814 imum
616 1758 924 1815 ferrentur.
949 1757 1241 1814 Deorsum
1272 1752 1514 1810 tendens
1539 1749 1844 1808 oviductus

138 1841 197 1899 in
220 1841 637 1920 corpusculum
660 1839 1074 1918 glandulosum
1097 1837 1486 1908 cordifornie,
1529 1836 1598 1892 ab
1619 1834 1849 1890 Aristo·

135 1926 248 1982 tele
284 1926 452 1992 μαςοὶ
490 1925 871 2002 appellatum,
916 1921 1279 1992 intumescit,
1324 1940 1574 1975 ovorum
1619 1918 1848 1995 integu-

135 2024 377 2079 ment0‚
439 2023 502 2063 ut
547 2005 809 2077 videtur,
870 2003 1269 2085 comparando
1318 2002 1662 2071 inservien83
1724 2000 1849 2057 ovi-

137 2091 347 2149 ductus
383 2088 594 2146 deinde
640 2088 833 2147 denuo
868 2088 941 2147 ad
962 2090 1149 2146 imum
1185 2089 1400 2157 fertur,
1436 2084 1738 2163 modoque
1781 2084 1844 2140 iu

138 2174 371 2233 densius
407 2174 552 2230 uteri
597 2196 782 2230 cornu
825 2172 1150 2246 descendit,
1211 2171 1404 2229 tunica
1454 2169 1721 2249 inprimis
1785 2183 1844 2224 et

136 2258 452 2317 musculari
486 2275 540 2314 et
568 2259 846 2316 cellulosa
883 2257 1220 2315 densissima
1257 2256 1483 2334 insigne
1523 2253 1843 2330 oblongae-

137 2366 251 2422 que
294 2345 538 2421 figurae.
601 2342 846 2413 Uterus‚
885 2343 930 2399 si
967 2343 1134 2400 istam
1169 2356 1392 2421 partem
1436 2333 1846 2395 huiuscemodi

136 2428 431 2506 appellare
486 2427 692 2499 libeat,
749 2426 1142 2507 amplissimus
1182 2424 1385 2483 eadem
1424 2445 1488 2481 ac
1534 2419 1839 2477 oviductus

134 2511 319 2569 exitus
368 2511 586 2568 fabrica
635 2509 812 2568 densa
875 2511 1150 2590 rugisque
1218 2508 1431 2587 insigni
1478 2504 1717 2586 gaudet3
1783 2518 1840 2558 at

134 2595 305 2652 simul
347 2596 617 2652 foetubus
653 2595 1011 2652 maturandis
1051 2608 1675 2667 excrementorumque
1720 2585 1839 2643 exi-

132 2680 216 2735 tui
264 2678 532 2752 inservit,
594 2679 786 2736 avium
826 2680 1055 2736 cloacae
1093 2677 1165 2734 ad
1203 2678 1415 2744 instar3
1462 2674 1605 2731 raias
1640 2686 1837 2728 autem

136 2764 486 2842 squalosque
561 2764 850 2842 viviparos
910 2785 1055 2836 esse,
1122 2763 1249 2842 ipso
1312 2757 1625 2817 Aristotele
1670 2769 1832 2826 teste,

136 2848 591 2906 accuratissimae
625 2864 679 2905 et
703 2845 984 2928 Stephani
1027 2846 1339 2904 Lorenziui
1376 2845 1432 2919 x)
1474 2858 1527 2899 et
1549 2836 1837 2897 Cavolinii

136 2932 565 2990 observationes
585 2948 667 2988 sat
686 2954 974 3012 superque
1005 2930 1243 2988 docent:
1283 2931 1470 2986 foetus
1504 2924 1659 2982 euim
1697 2941 1836 3001 pro-

137 3015 402 3075 vectioris
448 3017 673 3098 saepius
727 3017 921 3075 aetatis
964 3014 1211 3073 vesicula
1264 3008 1580 3071 umbilicali
1622 3006 1835 3064 instru-

189 3242 234 3295 Ι)
264 3240 636 3336 5ῑ·6]ἐονεη2ἱηί
666 3241 976 3286 osservazioni
1011 3241 1192 3285 intorno
1224 3236 1307 3282 alle
1334 3233 1582 3293 torpedini.
1637 3226 1832 3274 Fironze

312 3310 328 3335 ι
368 3310 387 3349 7
422 3328 431 3338 .
