2064 3828
987 233 1077 294 '44

309 392 692 452 Selachorum
725 390 1008 448 nonnulla
1046 406 1109 446 ut
1146 389 1468 470 plurimum
1492 389 1549 447 in
1585 390 1702 447 alto
1742 386 1889 446 mari

187 477 360 537 vitam
399 476 638 554 degunt,
674 476 861 532 multo
902 491 1151 531 attamen
1199 475 1384 531 maior
1422 495 1554 552 pars
1592 472 1664 529 ad
1700 472 1890 530 eonti-

185 576 417 619 nentem
469 575 686 618 terram
740 559 832 615 vel
884 559 1131 616 cuiusvis
1173 557 1394 614 insulae
1432 577 1596 612 oram
1632 555 1892 613 habitare

188 644 363 712 solet,
411 645 486 700 ob
527 642 846 700 auctiorem
877 663 1057 722 aquae
1105 642 1363 699 calorem
1400 638 1472 695 ad
1507 639 1676 717 ripas,
1708 655 1890 716 atque

188 728 265 783 ob
316 728 557 784 flumina
612 747 944 804 amnesque,
989 748 1133 806 quae
1190 748 1347 783 mare
1391 739 1622 802 petunt,
1661 723 1898 801 eiusque

192 831 402 890 aquam
459 810 786 867 tenuiorem
820 826 990 888 atque
1036 807 1377 865 calidiorem
1416 804 1703 879 reddunt„

317 893 467 951 Cum
506 891 877 950 selaehorum
918 892 1171 970 plurima
1212 912 1494 948 oceanum
1547 904 1899 968 temperatae

192 977 562 1058 potissimum
609 992 780 1054 atque
819 974 1078 1032 torridae
1119 996 1296 1031 zonae
1344 972 1641 1042 habitent,
1688 972 1903 1029 anima-

190 1062 333 1120 lium
395 1059 755 1119 terrestrium
825 1056 1080 1115 adinstar
1134 1079 1408 1134 magnam
1475 1056 1712 1134 frigoris
1784 1056 1904 1112 vim

192 1146 451 1203 tolerare
517 1143 760 1200 omnino
821 1159 1136 1222 nequeunt.
1223 1141 1427 1198 Veluti
1484 1157 1674 1197 autem
1730 1137 1907 1196 maris

196 1230 355 1287 calor
403 1227 476 1285 ad
531 1243 790 1283 austrum
842 1243 1014 1305 atque
1069 1225 1526 1305 septentrionem
1566 1245 1762 1281 versus
1795 1223 1905 1277 im-

198 1312 518 1382 minuitnr5
563 1312 642 1367 sie
688 1309 861 1367 etiam
910 1333 1056 1388 aqua
1096 1310 1348 1379 marina,
1393 1330 1512 1386 quo
1552 1305 1906 1387 profundius

199 1396 463 1477 petiel‘i5‚
519 1394 729 1452 caloris
781 1393 996 1474 gradus
1038 1394 1269 1457 sensim<
1297 1393 1624 1470 sensimque
1663 1389 1903 1447 amittit:

200 1495 372 1558 atque
436 1500 505 1537 eo
545 1480 670 1557 ipso
723 1482 834 1553 jam
901 1477 1177 1556 sequitur,
1222 1475 1479 1547 selnnhe,
1525 1497 1671 1554 quae
1720 1473 1935 1532 neuris-e

202 1586 380 1645 quam
418 1561 563 1619 adeo
611 1564 883 1638 frequens
917 1562 1194 1639 utrinqne
1231 1560 1379 1616 eirea
1418 1560 1658 1616 vertices
1702 1579 1911 1614 occur-

202 1661 366 1718 runt,
426 1666 533 1701 nec
605 1645 777 1700 etiam
830 1644 887 1699 in
948 1644 1069 1721 ipsa
1124 1644 1294 1700 maris
1342 1642 1618 1721 voragine
1678 1641 1907 1720 degere.

209 1729 746 1787 Celeberrimorum
777 1741 1083 1782 nautarum
1116 1726 1508 1804 experimenta
1541 1724 1770 1797 docent,
1792 1747 1914 1780 ma-

209 1816 289 1872 ris
326 1813 586 1870 calorem
629 1812 758 1889 lege
811 1807 1065 1889 quadam
1119 1825 1418 1866 constante
1468 1832 1496 1864 a
1526 1831 1749 1865 summa
1794 1830 1916 1864 ma-

212 1898 292 1957 ris
347 1895 655 1975 superficie
691 1915 876 1971 usque
929 1892 1001 1948 ad
1049 1892 1301 1951 fundum
1338 1892 1637 1949 imminui:
1685 1914 1753 1949 ex
1810 1891 1915 1947 cel.

215 1981 496 2040 Homeri
541 1976 1040 2035 observationibus
1094 1993 1281 2054 patet,
1346 1977 1521 2032 maris
1574 1974 1922 2054 temperiem

216 2064 412 2150 primo
469 2061 662 2118 minus
719 2060 1046 2139 perspicue,
1094 2057 1228 2115 dein
1266 2060 1537 2131 celei-itm,
1581 2060 1922 2137 maioreque

222 2147 397 2210 maris
443 2142 844 2225 profunditate
893 2144 1108 2200 iterum
1146 2141 1366 2199 tardius
1416 2143 1688 2200 imminui
1726 2165 1788 2199 nc
1826 2141 1925 2199 (le-

223 2233 402 2310 nique
460 2229 521 2285 in
562 2243 923 2286 constantem
963 2227 1171 2283 caloris
1208 2225 1455 2306 gradum
1494 2227 1754 2283 transire.
1799 2224 1928 2282 Alti

229 2332 479 2373 attamen
544 2311 719 2370 maris
775 2308 1027 2367 fundum
1088 2310 1302 2389 insigni
1357 2309 1634 2367 duntaxat
1691 2309 1928 2388 frigoris

228 2397 460 2478 fastigio
519 2396 827 2468 excellere,
871 2396 1211 2473 neutiquam
1266 2410 1457 2451 autem
1507 2394 1711 2472 glaciei
1748 2410 1928 2451 aeter-

233 2504 341 2542 nae
399 2481 553 2537 mole
604 2479 830 2559 obtegi,
877 2479 1069 2556 plures
1116 2477 1492 2559 physicorum
1527 2479 1752 2558 ipsique
1793 2478 1930 2534 iusi-

238 2564 500 2648 gnissimi
542 2564 690 2619 inter
736 2583 794 2619 se
831 2562 1198 2619 conveniunt.
1288 2562 1350 2619 Si
1394 2562 1547 2620 enim
1585 2585 1796 2641 aquam
1835 2561 1936 2617 fri-

244 2649 375 2729 gori
426 2646 787 2727 exposueriS‚
829 2667 1013 2724 usque
1069 2645 1240 2726 ad-{—
1270 2649 1330 2702 40
1384 2648 1667 2718 calorem,
1711 2661 1940 2702 eontra-

243 2733 442 2803 hitur3
487 2730 622 2789 dein
655 2746 846 2786 autem
880 2729 923 2784 si
967 2730 1149 2787 maior
1191 2730 1426 2809 frigoris
1462 2729 1673 2808 gradus
1710 2729 1938 2807 incepe-

247 2819 353 2889 rit,
397 2814 667 2873 dilatatur
709 2812 780 2870 ad
816 2811 959 2869 illud
998 2835 1179 2891 usque
1215 2832 1609 2885 momentum,
1653 2833 1771 2890 quo
1803 2833 1942 2867 con-

251 2901 465 2981 gelatio
516 2898 794 2956 imminet.
882 2896 1133 2953 Dilatata
1184 2913 1429 2954 attamen
1471 2920 1644 2975 aqua,
1682 2918 1828 2974 quae
1877 2911 1943 2952 ut

250 2983 580 3064 plurimum
618 2978 1060 3062 quatuordecies
1092 2982 1390 3038 volumine
1420 2996 1678 3057 augetur,
1725 2986 1832 3056 jam
1875 3000 1944 3036 eo

254 3069 381 3147 ipso
418 3067 602 3124 levior
653 3063 841 3124 evadit
890 3080 1058 3142 atque
1110 3085 1337 3121 sursum
1385 3062 1457 3119 ad
1495 3063 1667 3119 maris
1705 3065 1947 3141 superfi-

260 3153 409 3209 ciem
449 3149 664 3221 tendit,
705 3148 979 3229 quocirca
1014 3148 1172 3204 nulla
1209 3148 1418 3225 glacies
1451 3146 1510 3202 in
1559 3147 1731 3202 maris
1764 3146 1947 3204 fundo

192 3254 197 3263 ·
274 3232 467 3292 adesse
504 3249 709 3314 potest.
797 3230 977 3302 Quod
1014 3229 1266 3312 denique
1296 3231 1467 3290 etiam
1502 3250 1570 3287 eo
1602 3232 1783 3309 magis
1817 3253 1953 3288 con-
