2064 3828
973 252 1007 307 5

133 428 518 494 terprettrnte,
587 407 807 487 cogniti
862 419 1082 475 essent,
1142 416 1335 457 tamen
1399 401 1536 458 illos
1586 397 1831 456 omnino

134 521 255 557 non
304 494 548 552 selacliis
603 491 929 560 coniunxin,
973 484 1071 545 sed
1108 483 1181 542 de
1235 485 1301 540 iis
1358 507 1472 541 una
1531 506 1664 540 cuin
1711 479 1837 536 aliis

135 581 398 662 piscibus
436 593 672 649 tractat3
720 595 867 653 quae
899 587 1088 628 autem
1129 585 1182 626 et
1220 566 1460 646 quidem
1502 564 1839 645 paucissima

145 664 319 722 abiis
374 674 824 729 commemorat,
868 657 961 711 vix
1012 655 1370 720 sufficerent,
1423 650 1599 727 pisces
1649 649 1717 703 ab
1771 666 1840 703 eo

138 747 471 805 nominatos
510 765 618 824 pro
656 742 775 799 istis
811 737 1120 817 generibus
1158 751 1316 792 certo
1340 735 1569 790 hahere„
1615 731 1846 799 Quibus

140 832 321 910 igitur
358 831 633 886 omnibus
681 841 765 882 sat
800 843 1091 903 superque
1128 835 1298 898 patet,
1343 816 1723 874 Aristotelrm
1763 812 1846 890 pi-

144 914 329 972 scium
354 910 641 992 quosdam
683 907 881 966 multis
912 907 1082 964 rebus
1123 903 1485 974 excellentes,
1512 923 1577 957 ac
1629 896 1852 976 superi-

145 1020 310 1056 orem
339 1019 471 1076 prae
498 994 700 1053 ceteris
740 993 935 1050 locum
959 988 1385 1070 systematicnni
1408 984 1853 1064 praeseferentes

147 1083 537 1139 selccclzoram
578 1077 813 1135 nomine
856 1098 885 1131 a
924 1071 1163 1152 reliquis
1204 1069 1516 1128 seiunxisse
1559 1084 1731 1146 atque
1769 1064 1855 1119 in-

151 1165 407 1244 signisse.
471 1164 665 1236 Quam
722 1159 971 1217 maxime
1023 1157 1200 1235 igitur
1247 1153 1593 1211 Aristoteles
1638 1150 1711 1205 de
1746 1148 1854 1226 pis-

150 1250 305 1307 cium
343 1247 583 1305 historia
607 1244 852 1302 naturali
891 1241 1104 1299 meruit
1137 1238 1354 1317 illeque
1400 1257 1499 1314 per
1535 1236 1701 1313 plura
1741 1251 1858 1287 sae-

151 1334 280 1389 cula
322 1331 527 1387 unicus
585 1347 906 1408 corporum
962 1322 1318 1381 naturalium
1367 1318 1690 1396 descriptor
1734 1335 1861 1393 per-

150 1416 447 1483 manebat,
492 1436 561 1470 ex
614 1432 733 1490 quo
770 1424 1073 1490 sequentes
1127 1426 1329 1461 omues
1374 1403 1736 1461 hauriebant.

284 1501 348 1555 C.
378 1499 620 1553 Plinius
644 1497 964 1551 Secundus
1005 1491 1068 1568 l),
1091 1489 1354 1570 quamvis
1393 1509 1589 1545 rernm
1627 1501 1863 1540 naturae

153 1580 631 1652 studiosissimus,
679 1576 933 1658 propriis
981 1592 1172 1633 tamen
1213 1570 1712 1630 observationibus
1740 1588 1865 1622 om-

153 1667 297 1724 nino
346 1666 600 1735 vacabat,
636 1662 977 1740 omniaque,
1039 1680 1186 1737 qnae
1233 1658 1304 1713 ab
1351 1677 1420 1714 eo
1481 1653 1552 1713 de
1618 1650 1866 1731 piscibus

155 1751 368 1830 scripta
421 1748 696 1826 legimus,
741 1761 836 1802 aut
882 1766 951 1800 ex
1004 1740 1324 1801 Aristotele
1386 1753 1484 1795 aut
1531 1737 1658 1794 aliis
1708 1757 1868 1791 com-

160 1833 363 1915 pilavit
408 1831 757 1890 auctoribus,
846 1823 1092 1883 Selache
1131 1823 1466 1880 Aristotelis
1494 1819 1870 1897 cartilaginea

163 1917 364 1988 vertit,
417 1915 553 1994 quia
602 1934 709 1993 pro
752 1913 913 1990 spina
963 1907 1363 1986 cartilaginem
1411 1905 1663 1976 habent,
1707 1897 1871 1982 quod

160 1998 403 2080 quidem
472 2014 527 2054 et
594 1994 940 2073 Aristoteles
1013 2005 1472 2060 commemorat,
1553 2006 1607 2044 at
1689 1985 1872 2042 neuti-

163 2107 338 2164 quam
372 2080 762 2137 differentiam
803 2078 1150 2157 specificam,
1186 2091 1251 2131 ut
1285 2075 1353 2131 ab
1396 2071 1522 2130 aliis
1554 2070 1874 2148 distingue-

161 2184 365 2227 rentur
385 2165 655 2244 piscibus‚
692 2162 895 2223 habuit
918 2162 1018 2238 m).
1064 2158 1350 2221 Omnium
1369 2156 1623 2236 denique
1656 2152 1875 2234 disqui-

161 2252 438 2310 sitionum
470 2248 932 2307 anatomicarum
968 2265 1189 2326 exper8‚
1236 2242 1457 2300 Plinius
1490 2239 1761 2297 ordinem
1785 2260 1876 2318 sy-

165 2336 526 2393 stematicum
558 2332 802 2389 omnino
827 2351 947 2388 non
967 2345 1146 2401 curat,
1181 2344 1353 2406 atque
1375 2325 1726 2396 inanimalia,
1760 2345 1878 2379 am-

169 2418 375 2500 phibia
412 2417 778 2495 aliarumque
811 2414 1078 2472 classium
1110 2411 1396 2484 animalia,
1425 2409 1716 2468 discolore
1742 2428 1883 2487 qua-

167 2503 304 2560 dam
343 2502 692 2559 confusione
727 2498 1119 2579 prosequitur,
1153 2518 1288 2555 vera
1329 2496 1476 2559 fictis
1533 2492 1881 2563 coinmixt33

169 2589 251 2645 sic
294 2587 537 2666 primus>
567 2580 850 2644 Nereides
891 2582 1284 2660 Tritonesque
1325 2602 1436 2638 una
1472 2602 1604 2636 cum
1643 2576 1767 2632 aliis
1804 2574 1885 2630 sa·

168 2671 393 2731 bulosis
430 2668 703 2727 historiae
736 2667 986 2725 naturali
1015 2665 1275 2738 inseruit,
1321 2662 1746 2722 successorihus
1789 2680 1887 2713 an·

172 2779 296 2813 sam
335 2755 649 2835 praebenS‚
695 2753 939 2809 illorum
977 2773 1292 2808 numerum
1338 2749 1527 2806 multo
1568 2745 1752 2824 magis
1787 2764 1889 2798 au·

176 2862 316 2921 gere
353 2855 524 2918 atque
549 2836 916 2899 vividissimis
950 2834 1270 2915 depingere
1301 2833 1619 2891 coloribus.
1708 2827 1885 2885 Hisce

175 2922 438 3006 quidelm
459 2921 681 2981 Plinius
720 2943 895 3001 quam
918 2920 1170 2984 maxime
1208 2918 1401 2981 obfuit
1465 2912 1741 2980 historiae
1774 2910 1892 2991 pis-

237 3118 271 3177 Ι)
303 3118 354 3160 C.
389 3115 510 3214 Pglin.
532 3129 617 3158 sec.
653 3112 844 3157 historia
879 3113 1103 3164 maturastis
1159 3111 1238 3156 lib.
1280 3109 1518 3159 XXXVII
1552 3109 1666 3161 edit.
1714 3108 1893 3166 bipont-

236 3231 301 3285 ιιι)
333 3182 517 3272 Αιιῖἰίεῗόι.
556 3228 581 3272 l.
603 3243 642 3271 c.
680 3227 763 3269 ΙΙΙ.
801 3242 839 3280 7.
885 3245 926 3286 p.
970 3228 1062 3271 106.
1110 3226 1193 3271 τῶν
1228 3224 1403 3280 t'ffimfiu
1433 3224 1521 3285 γὰρ
1559 3223 1720 3281 τὰμὲν
1754 3224 1901 3276 ζωοτο·

356 3288 488 3330 uim
513 3283 831 3347 χονδράκανθὰ
862 3289 965 3338 ἐςιν,
1003 3283 1097 3328 οἷον
1125 3283 1178 3324 τὰ
1213 3279 1430 3337 καλὲμενα
1459 3282 1650 3335 σελάχη.’
