2064 3828
994 256 1057 291 11

161 388 637 467 immomyxiuen
664 385 1371 465 glutinosamevermium
1410 386 1583 443 classe
1622 383 1867 444 Linnaei

156 489 411 551 ereptam
475 471 722 549 piscibus
771 469 1159 546 cartilagineis
1210 470 1671 546 coniungebant,
1718 489 1866 546 quo·

156 580 287 613 rum
327 553 605 634 permulti
642 555 839 610 locum
876 553 1173 623 altiorem,
1230 574 1406 628 quem
1463 553 1520 607 in
1566 568 1869 631 systemate

153 656 349 697 tenere
394 636 704 707 deberent,
735 653 818 692 sat
859 657 1150 714 superque
1194 656 1328 712 prae
1371 656 1427 690 se
1468 636 1698 705 serunt,
1748 659 1865 693 ma-

153 743 416 800 gnopere
473 737 663 777 autem
719 718 791 776 cle
833 719 1083 797 pisciluis
1126 733 1180 774 et
1224 717 1611 793 cartilagineis
1664 732 1717 774 et
1752 718 1867 795 spi-

151 806 308 863 nosis
345 804 400 860 in
438 826 649 882 genera
694 801 889 858 divisis
946 817 1318 872 meruerunt,
1364 822 1725 877 quamquam
1767 821 1865 856 eo-

154 911 287 946 rum
327 888 614 966 quaedam
662 886 814 942 notis
865 884 1036 942 nimis
1084 885 1391 941 subtilibus
1443 882 1680 940 definita
1734 882 1863 940 sint.

150 970 404 1031 Piscium
455 970 968 1048 cartilagineorum
1004 968 1221 1024 tribum
1256 968 1313 1023 in
1352 983 1606 1044 quatuor
1638 964 1859 1022 disiun-

152 1072 362 1112 xerunt
433 1053 668 1110 ordines
725 1050 1047 1110 secundum
1110 1052 1462 1130 operculum
1531 1047 1867 1107 branchiale

148 1138 385 1216 eiusque
443 1139 871 1217 membranam,
914 1134 1176 1192 Linnaeo
1219 1150 1454 1190 auctore
1514 1132 1572 1187 in
1617 1132 1869 1210 piscibus

149 1222 358 1295 osseiS,
406 1237 460 1277 at
509 1219 744 1286 ordines
803 1218 999 1275 denuo
1036 1218 1095 1273 in
1151 1218 1348 1295 plures
1403 1216 1675 1282 familias,
1736 1213 1866 1291 qui-

145 1305 254 1363 bus
289 1322 452 1384 aptos
503 1301 773 1360 Dumeril
813 1301 1095 1359 terminos
1149 1298 1448 1355 techuieos
1499 1296 1869 1374 excogitavit,

145 1387 471 1445 secundum
497 1387 809 1465 pinnarum
841 1384 1192 1440 ventralium
1215 1382 1386 1438 situm
1421 1378 1862 1437 distribuerunt.

149 1472 379 1540 Quibus
417 1492 594 1548 quam
631 1467 881 1525 maxime
916 1467 1108 1545 palam
1145 1468 1244 1536 fit,
1290 1487 1467 1543 quem
1505 1464 1564 1521 in
1601 1484 1868 1522 errorem

148 1556 226 1612 ob
281 1551 725 1611 incommodam
768 1551 904 1629 pise.
960 1549 1478 1627 cartilagineorum
1525 1544 1870 1604 denomina-

147 1637 372 1695 tionem
404 1634 776 1717 ichtliyologi
817 1634 954 1713 galli
991 1632 1345 1701 int-iderent3
1378 1653 1511 1687 nam
1542 1628 1868 1689 secundum

151 1722 434 1779 sceletum
472 1720 916 1797 cartilagineum
958 1731 1054 1772 aut
1100 1716 1292 1796 potius
1330 1714 1522 1771 minus
1562 1715 1867 1792 spinosum

149 1826 355 1863 omues
399 1803 836 1880 coniungebant
884 1800 1095 1878 pisce8,
1141 1798 1360 1854 etiamsi
1394 1797 1545 1854 inter
1583 1818 1642 1853 se
1666 1796 1867 1874 quoad

146 1888 444 1944 internam
489 1886 767 1943 fabricam
809 1906 987 1961 quam
1026 1881 1276 1938 maxime
1317 1879 1603 1937 diversos:
1651 1879 1731 1935 sic
1766 1900 1865 1936 eo-

146 1994 278 2029 rum
342 1971 566 2049 primus
625 1966 775 2023 ordo
826 1987 939 2021 una
994 1986 1128 2020 cum
1169 1964 1752 2039 petronyfzontibus
1798 1985 1865 2022 ac

138 2054 660 2131 gctstrobt·cmclzis
682 2049 942 2129 (myxine
977 2047 1272 2128 glutinosa
1287 2045 1384 2121 L.)
1416 2048 1663 2104 selaclze
1682 2044 1863 2104 Arist.

140 2136 511 2215 complectit,
558 2154 817 2213 quorum
855 2148 1105 2189 attamen
1161 2130 1379 2187 fabrica
1419 2131 1646 2187 interna
1695 2131 1862 2188 nullo

145 2218 330 2278 modo
369 2219 554 2297 magis
592 2218 816 2275 variare
852 2231 1042 2294 queat.
1088 2214 1170 2271 At
1207 2212 1368 2291 quod
1408 2211 1481 2272 ad
1527 2213 1861 2272 universam

146 2304 351 2361 attinet
396 2303 639 2381 piscium
681 2299 989 2357 historiam
1021 2298 1104 2355 La
1126 2296 1358 2376 Cepede
1392 2297 1726 2354 immortale
1747 2296 1858 2356 sibi

141 2387 490 2445 conciliabat
538 2407 756 2443 nomen
796 2401 851 2441 et
891 2385 966 2440 ob
1010 2381 1409 2440 distinctiones
1449 2402 1733 2460 generum
1768 2402 1860 2438 ac-

142 2471 532 2529 curatissimas
571 2486 625 2527 et
664 2470 740 2525 ob
784 2468 1015 2547 plureS,
1077 2488 1222 2546 quas
1283 2466 1507 2546 primus
1561 2463 1859 2539 describit,

142 2577 378 2635 specieS.

272 2640 532 2714 Georgii
569 2637 823 2693 chieri
868 2635 917 2712 r)
973 2632 1476 2714 disquisitionibus
1513 2629 1853 2689 anatomicis

143 2738 427 2802 quantum
466 2737 519 2778 et
542 2735 847 2800 systemata
893 2719 1197 2799 zoologica
1243 2717 1523 2786 debeant,
1554 2714 1854 2773 neminem

136 2806 310 2880 latet,
354 2806 413 2862 in
437 2805 589 2861 libro
615 2824 719 2860 suo
746 2802 1076 2881 zoologiCO,
1101 2802 1409 2860 novissime
1431 2797 1619 2870 edim,
1659 2797 1849 2854 multo

140 2891 311 2967 plura
344 2911 522 2969 quam
568 2888 712 2944 alius
760 2886 1072 2966 quisquam
1106 2903 1235 2944 ante
1281 2908 1416 2943 eum
1447 2881 1517 2939 de
1548 2896 1854 2961 systemate

142 2971 481 3032 Linnaeano
511 2971 908 3030 commutavit.
954 2969 1174 3030 Omnes
1203 2969 1386 3049 pisces
1423 2965 1483 3024 in
1505 2962 1646 3023 duas
1679 2963 1855 3024 etiam

131 3210 134 3212 ·
197 3196 244 3250 τ)
277 3194 633 3294 qujtg’eryegng
680 3193 879 3248 animal,
923 3191 1149 3238 distribue
1186 3190 1364 3249 d'apres
1406 3202 1489 3233 son
1522 3187 1849 3244 organisation,

315 3266 340 3295 ι
406 3266 513 3296 aris.
579 3268 595 3296 ι
634 3265 699 3305 17.
