2064 3828
985 272 1053 332 17

167 404 432 478 saciem‚'‘
477 406 670 464 ovaria
705 424 1084 485 spectantem,
1128 429 1224 465 vas
1282 410 1365 467 uti
1414 407 1715 470 videbatur
1762 433 1861 494 ap-

159 491 391 572 paruit,
439 489 599 569 quod
638 491 977 570 inipsorum
1019 490 1211 548 medio
1252 492 1324 550 ad
1362 495 1544 552 imum
1584 494 1857 555 decurre-

155 576 279 647 bat,
332 576 668 653 neutiquam
725 591 917 633 autem
973 578 1031 632 in
1080 593 1582 636 excrementorum
1638 581 1857 640 exitum

155 659 483 714 transiebat.
530 657 728 715 Ramis
763 660 932 716 etiam
972 659 1303 716 lateralibus
1332 659 1584 738 gaudere
1626 660 1857 721 videba-

155 756 252 798 tur
288 758 458 819 atquc
479 742 824 798 arteriosum
861 764 952 798 vas
983 742 1153 799 fnisse
1174 787 1187 814 ,
1215 743 1544 801 verosimile
1576 761 1687 817 est,
1734 748 1853 803 for·

158 825 302 882 sitan
361 840 610 883 attamen
647 826 838 904 ipsum
877 841 1165 884 ureterem
1222 827 1391 899 sistit,
1446 849 1624 905 quem
1665 845 1857 887 autem

153 908 365 987 procul
403 906 586 965 dubio
638 910 696 966 in
735 909 918 988 ipsam
962 910 1220 966 cloacam
1261 909 1551 983 transiise,
1625 933 1856 971 neccsse

154 990 370 1049 fuisset.
416 991 512 1049 Ad
537 993 861 1071 marginem
896 1014 1103 1049 renum
1144 993 1492 1051 exteriorem
1529 995 1740 1053 canalis
1771 1019 1857 1053 sa-

155 1074 227 1130 tis
267 1075 523 1154 ampIUS,
585 1079 1061 1135 membranaceus
1097 1075 1693 1151 animadvertebatur,
1755 1081 1859 1158 qui

157 1178 385 1214 sursum
428 1179 625 1216 versus
659 1160 808 1238 ipses
845 1182 1051 1218 renum
1072 1159 1282 1217 limites
1316 1176 1735 1239 transgressus,
1772 1163 1858 1219 in-

155 1254 416 1298 trorsum
453 1244 715 1315 reflexus,
736 1244 796 1299 in
821 1244 1214 1322 angustiorem
1245 1244 1506 1299 canalem
1528 1244 1857 1320 transiebat,

156 1324 259 1403 qui
295 1324 390 1381 hic
428 1348 546 1382 non
594 1323 738 1383 adeo
774 1324 1040 1382 distincte
1077 1325 1310 1382 renibus
1357 1326 1493 1404 ipsis
1529 1328 1859 1386 communi·

152 1409 328 1481 cavit,
391 1407 669 1466 deorsum
712 1430 907 1466 versus
952 1409 1257 1488 ampliatus
1308 1409 1368 1465 in
1402 1409 1524 1488 ipsa
1560 1411 1756 1468 cloaca
1794 1410 1857 1470 iu

150 1489 592 1549 infundibulum
628 1490 931 1571 quoddam
971 1494 1512 1565 membranaceum,
1576 1495 1855 1574 papillam

151 1576 432 1648 referem,
490 1577 860 1648 excurrebat,
924 1575 1086 1632 cuius
1124 1574 1364 1655 quidem
1416 1578 1629 1634 ostium
1687 1592 1741 1635 et
1793 1579 1855 1636 in

148 1659 326 1717 istum
389 1659 650 1717 canalem
713 1676 1029 1738 utrumque
1077 1675 1132 1716 et
1185 1660 1243 1715 in
1284 1660 1474 1737 ipsum
1526 1659 1854 1718 abdominis

150 1765 357 1800 cavum
405 1741 687 1816 ducebat,
740 1742 1015 1821 utrinque
1052 1742 1204 1821 plica
1243 1741 1494 1820 quadam
1531 1744 1705 1800 cutali
1739 1760 1853 1801 ter-

147 1828 400 1900 minata,
447 1848 595 1905 quae
628 1826 871 1882 omnino
927 1842 1122 1904 aperta
1176 1825 1235 1880 in
1270 1823 1599 1882 abdominis
1644 1848 1852 1887 cavum.

147 1908 360 1968 hiabat.
448 1909 739 1979 Quocirca
777 1909 949 1966 etiam
982 1908 1081 1964 ille
1113 1907 1325 1964 canalis
1356 1910 1849 1984 membranaceUS,

151 2016 359 2051 renum
392 1992 642 2070 margini
663 1991 976 2070 apposituS',
1015 2011 1136 2047 non
1168 1990 1274 2046 rite
1312 2007 1582 2069 recteque
1619 2015 1715 2050 vas
1752 1992 1853 2052 de-

148 2079 338 2134 ferens
374 2073 801 2154 nuncupandus
847 2090 1018 2146 esset,
1064 2095 1245 2152 quem
1274 2073 1373 2130 Ev.
1404 2073 1602 2133 Home
1647 2076 1848 2135 huius-

149 2158 313 2217 modi
363 2160 774 2238 interpretatus
826 2174 925 2215 est.
1012 2155 1171 2214 Infra
1210 2158 1490 2237 papillam
1550 2160 1851 2218 intestino-

147 2265 282 2300 rum
323 2259 535 2302 tractus
578 2241 1036 2322 simplicissimus
1067 2240 1262 2298 hiavit.
1311 2242 1538 2311 Quibus
1574 2244 1846 2303 omnibus

148 2325 400 2422 denique
458 2342 641 2407 patet,
704 2325 996 2382 internam
1060 2327 1515 2407 petromyzontis
1568 2328 1846 2387 fabricam

148 2411 634 2489 simplicissimam
667 2431 821 2481 esse,
875 2425 930 2466 et
968 2409 1308 2488 neutiquam
1338 2409 1641 2489 utriusque
1677 2432 1843 2468 sexus

150 2495 681 2554 conformationem
738 2490 885 2549 adeo
952 2493 1166 2572 insigni
1237 2492 1594 2551 certitudinis
1657 2492 1845 2574 gradu

150 2577 430 2659 gaudere,
492 2594 555 2634 ut
598 2576 876 2633 sententia
913 2575 1132 2634 Homei
1166 2576 1341 2634 nullis
1394 2578 1844 2635 accuratioribus

151 2662 653 2721 observationibus
695 2676 905 2739 egeret.
969 2660 1037 2716 In
1069 2660 1254 2718 tribus
1299 2663 1478 2734 enim,
1537 2682 1683 2740 quos
1732 2659 1847 2718 dis-

149 2769 341 2805 secare
406 2745 687 2824 contigit,
762 2746 1330 2826 petromyzontibuS,
1408 2768 1478 2803 ne
1538 2745 1846 2824 vestigium

149 2830 391 2912 quidem
442 2844 539 2888 aut
584 2828 815 2886 testium
859 2844 955 2884 aut
1005 2829 1149 2886 vasis
1215 2828 1524 2886 deferentis
1576 2829 1846 2907 cognovi.

150 2917 232 2973 At
274 2914 660 2972 nihilominus
700 2913 899 2991 negari
928 2934 1049 2969 non
1085 2928 1300 2992 potest,
1346 2927 1846 2994 petromyzontem

152 3001 227 3058 ob
280 3016 470 3056 totum
521 2999 779 3054 internae
838 2996 1091 3054 fabricae
1145 2997 1515 3075 complexum
1573 2997 1844 3053 infimum

149 3083 298 3140 inter
329 3083 506 3162 pisces
542 3082 742 3138 locum
779 3079 888 3137 sibi
924 3079 1242 3151 vindicare,
1292 3095 1346 3135 et
1383 3082 1458 3136 ob
1497 3080 1843 3158 frequentis-

153 3167 363 3224 simum
403 3187 604 3223 sexum
641 3163 998 3222 foemineum
1045 3178 1444 3221 occurrentem
1490 3184 1667 3242 quam
1709 3183 1845 3242 pro-

152 3248 305 3306 xime
365 3247 438 3306 ad
482 3248 841 3330 syngnathos
890 3245 1196 3319 accedere,
1266 3266 1522 3323 quorum
1585 3247 1841 3305 mascula

1472 3332 1506 3389 3
