2064 3828
1079 244 1154 301 58

252 408 377 466 viae
424 401 705 460 nimirum
761 393 1019 454 eiusdem
1072 395 1222 454 raiae
1289 394 1469 475 triplo
1522 412 1577 453 et
1616 393 1954 474 quadruplo

251 489 503 549 maiores
541 480 698 563 apud
754 479 921 538 Com.
986 483 1322 539 Gazzolam
1396 495 1727 551 servantur,
1793 502 1960 558 quae,

249 571 337 628 uti
378 568 608 628 videtur
639 563 875 622 eaedem
910 581 1042 620 sunt
1065 609 1080 632 ‚
1124 586 1268 642 quas
1310 584 1466 620 nunc
1503 559 1807 619 Musaeum
1854 562 1959 621 Pa*

247 654 485 713 risiense
509 648 778 731 possidet.
826 647 1057 727 Corpus
1079 647 1253 705 huius
1272 644 1706 724 lithotrygoniS,
1738 645 1958 724 optime

247 736 457 797 servati
480 781 495 808 ,
537 737 659 792 fere
687 749 838 789 teres
874 747 988 804 est,
1032 732 1267 810 spinoso
1304 729 1479 786 veluti
1519 727 1631 784 reti
1664 744 1959 805 supertex-

245 837 411 892 tum,
470 819 547 875 ita
584 833 648 873 ut
681 814 853 872 striae
907 836 939 870 a
980 831 1182 872 centro
1220 813 1388 893 piscis
1446 809 1519 867 ad
1559 810 1956 890 peripheriam

243 902 524 974 tendant,
577 916 749 979 atque
797 897 1061 975 punctiS,
1107 896 1269 976 quasi
1317 920 1348 953 a
1377 895 1591 974 spiniS,
1646 910 1957 954 exornatae

244 1000 594 1067 appareant3
653 995 868 1062 puncta
905 995 1154 1036 attamen
1206 980 1342 1057 ipsis
1386 979 1539 1036 striis
1578 999 1952 1056 summopere

244 1067 613 1134 svlnmetrice
658 1064 927 1122 insident.
990 1061 1191 1119 Cauda
1238 1062 1580 1142 longissima
1614 1077 1712 1119 est.
1790 1060 1956 1118 Num

242 1141 441 1213 omnia
477 1149 793 1231 specimina
828 1145 900 1203 ad
920 1145 1163 1204 eandem
1185 1146 1434 1226 speciem
1469 1144 1774 1204 referenda
1802 1161 1954 1218 sunt,

238 1235 544 1314 hucusque
593 1235 746 1290 latet.
836 1228 1180 1288 Attentione
1239 1228 1643 1309 dignissimum
1697 1227 1947 1302 videtur,

235 1319 505 1402 trygonis
551 1316 876 1387 aemulam,
938 1314 1175 1395 trygoni
1231 1314 1500 1394 vulgari,
1563 1313 1623 1370 in
1677 1310 1949 1369 mediter—

237 1425 417 1463 raneo
443 1401 591 1459 mari
615 1395 967 1469 occurrenti,
998 1397 1364 1455 simillimum
1386 1442 1400 1471 ,
1444 1397 1501 1454 in
1537 1411 1737 1453 monte
1769 1394 1955 1454 Bolca

233 1486 625 1567 petrificatum
663 1480 843 1542 effodi
872 1503 987 1539 11113
1031 1504 1165 1538 cum
1209 1482 1445 1560 ingente
1486 1480 1771 1559 piscium,
1816 1500 1952 1537 om·

232 1570 378 1628 nino
418 1567 685 1648 proprias
730 1563 1059 1642 saepissime
1099 1566 1317 1622 formas
1367 1563 1808 1634 exhibentium,
1852 1584 1944 1618 ca-

233 1669 426 1724 terva,
480 1651 562 1706 uti
600 1672 734 1706 cum
773 1646 1028 1703 Blochio
1064 1648 1424 1724 longirostro
1451 1692 1465 1719 ‚
1509 1648 1670 1703 cuius
1717 1646 1950 1703 aemula

234 1735 390 1794 inter
448 1734 704 1791 viventes
750 1728 944 1787 adhuc
987 1727 1383 1803 desideratur,
1442 1730 1708 1808 plerique
1762 1729 1945 1808 pisces

233 1818 447 1899 procul
491 1815 672 1874 dubio
709 1812 966 1871 extranei
1003 1829 1169 1885 sunt,
1233 1830 1329 1870 aut
1357 1813 1551 1892 potius
1587 1814 1806 1870 formas
1847 1834 1944 1869 ex·

225 1901 466 1974 hibent,
525 1921 778 1979 quarum
814 1897 936 1977 typi
965 1896 1220 1956 viventes
1266 1897 1326 1955 in
1357 1894 1555 1955 indico
1603 1912 1700 1954 aut
1738 1893 1948 1954 ameri-

231 2006 380 2044 cano
420 1984 569 2042 mari
611 1995 945 2041 occurrunt.

608 2169 742 2207 GEN.
788 2149 841 2204 5.
887 2162 1331 2203 MYLIOBATIS
1380 2143 1559 2204 Dum.

352 2316 734 2392 Myliobates
781 2312 1169 2392 utplurimum
1210 2313 1390 2371 maria
1418 2313 1694 2392 utrinque
1732 2311 1806 2370 ad
1844 2334 1938 2370 ae·

230 2415 538 2481 quatorem
575 2397 866 2468 habitant,
911 2412 1083 2474 atque
1115 2396 1395 2455 calidiora
1438 2398 1628 2476 potius
1659 2395 1935 2476 diligunt,

227 2506 405 2566 quam
441 2479 655 2560 frigida
695 2480 908 2552 maria,
950 2480 1010 2536 in
1057 2479 1269 2558 quibus
1306 2479 1548 2538 vixdum
1593 2497 1934 2554 occurrunt,

225 2567 395 2626 unica
432 2563 622 2644 specie
659 2578 892 2642 excepta
914 2606 929 2635 ,
973 2585 1119 2641 quae
1142 2585 1425 2622 oceanum
1462 2565 1799 2621 atlanticum
1836 2586 1934 2622 eu-

223 2671 507 2728 ropaeum
546 2645 619 2705 ad
648 2646 839 2725 ipsum
881 2647 1337 2724 septentrionem
1385 2670 1569 2727 usque
1614 2646 1928 2706 adscendit.

220 2734 322 2794 Est
357 2732 439 2789 M.
465 2734 682 2809 aquila
704 2774 719 2802 ,
762 2750 910 2808 quae
933 2731 1142 2807 passim
1181 2731 1239 2788 in
1270 2731 1417 2790 mari
1455 2731 1790 2811 germanico
1831 2752 1929 2787 ec-

220 2817 433 2890 currit,
493 2813 854 2894 frequentius
890 2828 1081 2871 autem
1116 2813 1176 2870 in
1213 2815 1341 2894 ipso
1372 2836 1590 2872 oceano
1637 2812 1930 2889 atlantim,

220 2901 295 2960 ad
329 2899 565 2981 gallicas
607 2919 772 2969 oraS,
844 2896 1105 2952 omnium
1162 2913 1415 2956 attamen
1463 2897 1927 2977 frequentissime

216 2985 276 3043 in
309 2984 455 3043 mari
490 2981 916 3040 mediterraneo
938 3023 953 3050 ,
991 2977 1061 3035 ad
1096 2978 1372 3039 Nicaeam
1410 2984 1644 3054 urbem,
1688 2978 1756 3036 ad
1795 2978 1925 3038 Me-

214 3069 381 3126 litam
442 3067 693 3124 insulam
742 3064 982 3141 aliisque
1028 3062 1084 3118 in
1137 3064 1491 3143 regionibus,
1576 3063 1644 3121 In
1700 3084 1921 3121 oceano

215 3172 433 3230 magno
489 3148 562 3206 ad
600 3147 799 3205 Indiae
860 3168 990 3203 oras
1045 3147 1405 3224 frequentius
1452 3168 1567 3203 11113
1616 3170 1745 3205 cum
1794 3147 1920 3205 aliis

219 3236 548 3317 speciebuS,
574 3252 876 3312 nunquam
904 3227 978 3289 ad
994 3250 1351 3311 europaeum
1373 3251 1657 3292 oceanum
1680 3230 1918 3299 descen-3
