<?xml version="1.0" encoding="UTF-8"?>
<!DOCTYPE html PUBLIC "-//W3C//DTD XHTML 1.0 Transitional//EN"
    "http://www.w3.org/TR/xhtml1/DTD/xhtml1-transitional.dtd">
<html xmlns="http://www.w3.org/1999/xhtml" xml:lang="en" lang="en">
 <head>
  <title>
</title>
<meta http-equiv="Content-Type" content="text/html;charset=utf-8" />
  <meta name='ocr-system' content='tesseract 3.04.00' />
  <meta name='ocr-capabilities' content='ocr_page ocr_carea ocr_par ocr_line ocrx_word'/>
</head>
<body>
  <div class='ocr_page' id='page_1' title='image "./deselachisaristo00eich_0026.png"; bbox 0 0 2064 3828; ppageno 0'>
   <div class='ocr_carea' id='block_1_1' title="bbox 1007 295 1079 333">
    <p class='ocr_par' dir='ltr' id='par_1_1' title="bbox 1007 295 1079 333">
     <span class='ocr_line' id='line_1_1' title="bbox 1007 295 1079 333; baseline 0 0"><span class='ocrx_word' id='word_1_1' title='bbox 1007 295 1079 333; x_wconf 85' lang='lat'>20</span> 
     </span>
    </p>
   </div>
   <div class='ocr_carea' id='block_1_2' title="bbox 121 424 1953 3358">
    <p class='ocr_par' dir='ltr' id='par_1_2' title="bbox 121 424 1948 3029">
     <span class='ocr_line' id='line_1_2' title="bbox 201 424 1902 498; baseline -0.009 0"><span class='ocrx_word' id='word_1_2' title='bbox 201 455 325 498; x_wconf 81' lang='lat' dir='ltr'>ctos</span> <span class='ocrx_word' id='word_1_3' title='bbox 362 438 421 495; x_wconf 88' lang='lat' dir='ltr'>in</span> <span class='ocrx_word' id='word_1_4' title='bbox 462 430 823 492; x_wconf 85' lang='lat' dir='ltr'>oviductibus</span> <span class='ocrx_word' id='word_1_5' title='bbox 871 429 1232 498; x_wconf 51' lang='lat' dir='ltr'>invenerunt.</span> <span class='ocrx_word' id='word_1_6' title='bbox 1294 424 1434 485; x_wconf 89' lang='lat' dir='ltr'>Non</span> <span class='ocrx_word' id='word_1_7' title='bbox 1475 445 1675 484; x_wconf 86' lang='lat' dir='ltr'>omnes</span> <span class='ocrx_word' id='word_1_8' title='bbox 1711 439 1902 482; x_wconf 85' lang='lat' dir='ltr'>autem</span> 
     </span>
     <span class='ocr_line' id='line_1_3' title="bbox 197 507 1895 599; baseline -0.009 -20"><span class='ocrx_word' id='word_1_9' title='bbox 197 522 486 599; x_wconf 76' lang='lat' dir='ltr'>viviparos</span> <span class='ocrx_word' id='word_1_10' title='bbox 522 537 658 586; x_wconf 82' lang='grc'><strong>6556,</strong></span> <span class='ocrx_word' id='word_1_11' title='bbox 702 514 1042 594; x_wconf 88' lang='lat' dir='ltr'>squalorum</span> <span class='ocrx_word' id='word_1_12' title='bbox 1088 511 1459 589; x_wconf 81' lang='lat' dir='ltr'>raiarumque</span> <span class='ocrx_word' id='word_1_13' title='bbox 1503 525 1627 581; x_wconf 85' lang='lat' dir='ltr'>ova,</span> <span class='ocrx_word' id='word_1_14' title='bbox 1674 507 1744 565; x_wconf 87' lang='lat' dir='ltr'>ad</span> <span class='ocrx_word' id='word_1_15' title='bbox 1777 530 1895 564; x_wconf 89' lang='lat' dir='ltr'>ma·</span> 
     </span>
     <span class='ocr_line' id='line_1_4' title="bbox 121 593 1894 682; baseline -0.008 -20"><span class='ocrx_word' id='word_1_16' title='bbox 121 655 125 661; x_wconf 19' lang='lat' dir='ltr'>i</span> <span class='ocrx_word' id='word_1_17' title='bbox 194 606 272 662; x_wconf 83' lang='lat' dir='ltr'>ris</span> <span class='ocrx_word' id='word_1_18' title='bbox 318 604 470 682; x_wconf 78' lang='lat' dir='ltr'>ripas</span> <span class='ocrx_word' id='word_1_19' title='bbox 512 599 738 679; x_wconf 84' lang='lat' dir='ltr'>saepius</span> <span class='ocrx_word' id='word_1_20' title='bbox 772 613 1016 677; x_wconf 82' lang='lat' dir='ltr'>reperta,</span> <span class='ocrx_word' id='word_1_21' title='bbox 1053 593 1281 652; x_wconf 84' lang='lat' dir='ltr'>docent.</span> <span class='ocrx_word' id='word_1_22' title='bbox 1367 593 1462 651; x_wconf 82' lang='lat' dir='ltr'>Sic</span> <span class='ocrx_word' id='word_1_23' title='bbox 1491 608 1546 648; x_wconf 87' lang='lat' dir='ltr'>et</span> <span class='ocrx_word' id='word_1_24' title='bbox 1570 608 1756 670; x_wconf 79' lang='lat' dir='ltr'>partes</span> <span class='ocrx_word' id='word_1_25' title='bbox 1797 612 1894 669; x_wconf 82' lang='lat' dir='ltr'>ge-</span> 
     </span>
     <span class='ocr_line' id='line_1_5' title="bbox 194 674 1897 759; baseline -0.009 -13"><span class='ocrx_word' id='word_1_26' title='bbox 194 687 399 746; x_wconf 87' lang='lat' dir='ltr'>nitales</span> <span class='ocrx_word' id='word_1_27' title='bbox 450 684 735 741; x_wconf 82' lang='lat' dir='ltr'>masculae</span> <span class='ocrx_word' id='word_1_28' title='bbox 778 681 994 739; x_wconf 79' lang='lat' dir='ltr'>fabrica</span> <span class='ocrx_word' id='word_1_29' title='bbox 1051 677 1305 759; x_wconf 79' lang='lat' dir='ltr'>gaudent</span> <span class='ocrx_word' id='word_1_30' title='bbox 1349 676 1599 734; x_wconf 81' lang='lat' dir='ltr'>maxime</span> <span class='ocrx_word' id='word_1_31' title='bbox 1644 674 1897 752; x_wconf 82' lang='lat' dir='ltr'>insigni;</span> 
     </span>
     <span class='ocr_line' id='line_1_6' title="bbox 191 758 1897 841; baseline -0.01 -12"><span class='ocrx_word' id='word_1_32' title='bbox 191 770 440 829; x_wconf 83' lang='lat' dir='ltr'>testiculi</span> <span class='ocrx_word' id='word_1_33' title='bbox 489 767 893 838; x_wconf 72' lang='lat' dir='ltr'>semilunareS,</span> <span class='ocrx_word' id='word_1_34' title='bbox 938 761 1236 820; x_wconf 84' lang='lat' dir='ltr'>rotundati</span> <span class='ocrx_word' id='word_1_35' title='bbox 1284 758 1728 841; x_wconf 79' lang='lat' dir='ltr'>parenchymate</span> <span class='ocrx_word' id='word_1_36' title='bbox 1766 779 1897 834; x_wconf 76' lang='lat' dir='ltr'>gra-</span> 
     </span>
     <span class='ocr_line' id='line_1_7' title="bbox 195 842 1907 931; baseline -0.01 -19"><span class='ocrx_word' id='word_1_37' title='bbox 195 855 407 914; x_wconf 87' lang='lat' dir='ltr'>nuloso</span> <span class='ocrx_word' id='word_1_38' title='bbox 445 847 1247 931; x_wconf 75' lang='lat' dir='ltr'>glutinosoque&#39;excellentes</span> <span class='ocrx_word' id='word_1_39' title='bbox 1285 847 1343 902; x_wconf 89' lang='lat' dir='ltr'>in</span> <span class='ocrx_word' id='word_1_40' title='bbox 1374 842 1669 901; x_wconf 88' lang='lat' dir='ltr'>testiculos</span> <span class='ocrx_word' id='word_1_41' title='bbox 1688 858 1907 897; x_wconf 83' lang='lat' dir='ltr'>transe-</span> 
     </span>
     <span class='ocr_line' id='line_1_8' title="bbox 202 928 1910 1007; baseline -0.009 -12"><span class='ocrx_word' id='word_1_42' title='bbox 202 954 310 996; x_wconf 87' lang='lat' dir='ltr'>unt</span> <span class='ocrx_word' id='word_1_43' title='bbox 372 934 750 1005; x_wconf 77' lang='lat' dir='ltr'>accessorios,</span> <span class='ocrx_word' id='word_1_44' title='bbox 814 930 1230 1007; x_wconf 77' lang='lat' dir='ltr'>oblongioreS,</span> <span class='ocrx_word' id='word_1_45' title='bbox 1276 951 1305 986; x_wconf 90' lang='lat' dir='ltr'>e</span> <span class='ocrx_word' id='word_1_46' title='bbox 1358 928 1570 1006; x_wconf 83' lang='lat' dir='ltr'>quibus</span> <span class='ocrx_word' id='word_1_47' title='bbox 1611 946 1748 982; x_wconf 80' lang='lat' dir='ltr'>mox</span> <span class='ocrx_word' id='word_1_48' title='bbox 1813 945 1910 979; x_wconf 88' lang='lat' dir='ltr'>vas</span> 
     </span>
     <span class='ocr_line' id='line_1_9' title="bbox 199 1009 1911 1095; baseline -0.011 -16"><span class='ocrx_word' id='word_1_49' title='bbox 199 1020 465 1078; x_wconf 78' lang='lat' dir='ltr'>deferens</span> <span class='ocrx_word' id='word_1_50' title='bbox 512 1016 709 1074; x_wconf 86' lang='lat' dir='ltr'>multis</span> <span class='ocrx_word' id='word_1_51' title='bbox 761 1013 918 1095; x_wconf 82' lang='lat' dir='ltr'>gyris</span> <span class='ocrx_word' id='word_1_52' title='bbox 963 1028 1300 1069; x_wconf 82' lang='lat' dir='ltr'>contortum</span> <span class='ocrx_word' id='word_1_53' title='bbox 1339 1009 1412 1067; x_wconf 88' lang='lat' dir='ltr'>ad</span> <span class='ocrx_word' id='word_1_54' title='bbox 1455 1010 1641 1067; x_wconf 87' lang='lat' dir='ltr'>imum</span> <span class='ocrx_word' id='word_1_55' title='bbox 1694 1010 1911 1079; x_wconf 84' lang='lat' dir='ltr'>fertur,</span> 
     </span>
     <span class='ocr_line' id='line_1_10' title="bbox 200 1095 1905 1183; baseline -0.008 -22"><span class='ocrx_word' id='word_1_56' title='bbox 200 1120 371 1183; x_wconf 87' lang='lat' dir='ltr'>atque</span> <span class='ocrx_word' id='word_1_57' title='bbox 429 1100 570 1158; x_wconf 85' lang='lat' dir='ltr'>dum</span> <span class='ocrx_word' id='word_1_58' title='bbox 629 1097 757 1179; x_wconf 82' lang='lat' dir='ltr'>gyri</span> <span class='ocrx_word' id='word_1_59' title='bbox 800 1095 1012 1155; x_wconf 89' lang='lat' dir='ltr'>sensim</span> <span class='ocrx_word' id='word_1_60' title='bbox 1059 1097 1386 1174; x_wconf 81' lang='lat' dir='ltr'>sensimque</span> <span class='ocrx_word' id='word_1_61' title='bbox 1432 1108 1718 1173; x_wconf 79' lang='lat' dir='ltr'>augentur</span> <span class='ocrx_word' id='word_1_62' title='bbox 1784 1113 1905 1148; x_wconf 89' lang='lat' dir='ltr'>am-</span> 
     </span>
     <span class='ocr_line' id='line_1_11' title="bbox 199 1177 1908 1268; baseline -0.008 -23"><span class='ocrx_word' id='word_1_63' title='bbox 199 1189 420 1268; x_wconf 83' lang='lat' dir='ltr'>pliores</span> <span class='ocrx_word' id='word_1_64' title='bbox 450 1182 728 1252; x_wconf 85' lang='lat' dir='ltr'>evadunt,</span> <span class='ocrx_word' id='word_1_65' title='bbox 771 1181 848 1238; x_wconf 87' lang='lat' dir='ltr'>ita</span> <span class='ocrx_word' id='word_1_66' title='bbox 892 1196 956 1236; x_wconf 88' lang='lat' dir='ltr'>nt</span> <span class='ocrx_word' id='word_1_67' title='bbox 990 1177 1241 1260; x_wconf 82' lang='lat' dir='ltr'>denique</span> <span class='ocrx_word' id='word_1_68' title='bbox 1285 1179 1343 1236; x_wconf 92' lang='lat' dir='ltr'>in</span> <span class='ocrx_word' id='word_1_69' title='bbox 1382 1200 1563 1235; x_wconf 87' lang='lat' dir='ltr'>unum</span> <span class='ocrx_word' id='word_1_70' title='bbox 1602 1177 1908 1253; x_wconf 87' lang='lat' dir='ltr'>latumque</span> 
     </span>
     <span class='ocr_line' id='line_1_12' title="bbox 207 1260 1911 1342; baseline -0.008 -14"><span class='ocrx_word' id='word_1_71' title='bbox 207 1271 469 1328; x_wconf 84' lang='lat' dir='ltr'>canalem</span> <span class='ocrx_word' id='word_1_72' title='bbox 511 1267 899 1326; x_wconf 79' lang='lat' dir='ltr'>terminentur</span> <span class='ocrx_word' id='word_1_73' title='bbox 945 1285 1167 1342; x_wconf 81' lang='lat' dir='ltr'>oreque</span> <span class='ocrx_word' id='word_1_74' title='bbox 1211 1262 1411 1342; x_wconf 80' lang='lat' dir='ltr'>pervio</span> <span class='ocrx_word' id='word_1_75' title='bbox 1457 1260 1772 1320; x_wconf 83' lang='lat' dir='ltr'>vesiculam</span> <span class='ocrx_word' id='word_1_76' title='bbox 1827 1279 1911 1315; x_wconf 88' lang='lat' dir='ltr'>se-</span> 
     </span>
     <span class='ocr_line' id='line_1_13' title="bbox 202 1342 1913 1426; baseline -0.009 -13"><span class='ocrx_word' id='word_1_77' title='bbox 202 1354 481 1413; x_wconf 87' lang='lat' dir='ltr'>minalem</span> <span class='ocrx_word' id='word_1_78' title='bbox 541 1352 788 1422; x_wconf 79' lang='lat' dir='ltr'>intrant,</span> <span class='ocrx_word' id='word_1_79' title='bbox 852 1368 1095 1426; x_wconf 85' lang='lat' dir='ltr'>eamque</span> <span class='ocrx_word' id='word_1_80' title='bbox 1156 1347 1373 1406; x_wconf 88' lang='lat' dir='ltr'>semine</span> <span class='ocrx_word' id='word_1_81' title='bbox 1432 1345 1674 1403; x_wconf 89' lang='lat' dir='ltr'>omnino</span> <span class='ocrx_word' id='word_1_82' title='bbox 1739 1342 1913 1421; x_wconf 84' lang='lat' dir='ltr'>stipa-</span> 
     </span>
     <span class='ocr_line' id='line_1_14' title="bbox 201 1430 1906 1511; baseline -0.008 -16"><span class='ocrx_word' id='word_1_83' title='bbox 201 1454 322 1495; x_wconf 90' lang='lat' dir='ltr'>tam</span> <span class='ocrx_word' id='word_1_84' title='bbox 363 1435 573 1494; x_wconf 87' lang='lat' dir='ltr'>inveni.</span> <span class='ocrx_word' id='word_1_85' title='bbox 619 1433 924 1491; x_wconf 86' lang='lat' dir='ltr'>Vesiculae</span> <span class='ocrx_word' id='word_1_86' title='bbox 963 1431 1265 1511; x_wconf 78' lang='lat' dir='ltr'>utriusque</span> <span class='ocrx_word' id='word_1_87' title='bbox 1308 1430 1501 1488; x_wconf 85' lang='lat' dir='ltr'>lateris</span> <span class='ocrx_word' id='word_1_88' title='bbox 1544 1444 1709 1507; x_wconf 82' lang='lat' dir='ltr'>septo</span> <span class='ocrx_word' id='word_1_89' title='bbox 1747 1448 1906 1483; x_wconf 87' lang='lat' dir='ltr'>com-</span> 
     </span>
     <span class='ocr_line' id='line_1_15' title="bbox 202 1513 1906 1598; baseline -0.008 -18"><span class='ocrx_word' id='word_1_90' title='bbox 202 1520 369 1580; x_wconf 88' lang='lat' dir='ltr'>muni</span> <span class='ocrx_word' id='word_1_91' title='bbox 424 1517 807 1598; x_wconf 76' lang='lat' dir='ltr'>pellucidiore</span> <span class='ocrx_word' id='word_1_92' title='bbox 868 1513 1188 1574; x_wconf 88' lang='lat' dir='ltr'>disiunctae</span> <span class='ocrx_word' id='word_1_93' title='bbox 1246 1513 1525 1572; x_wconf 83' lang='lat' dir='ltr'>inferiore</span> <span class='ocrx_word' id='word_1_94' title='bbox 1574 1513 1693 1569; x_wconf 87' lang='lat' dir='ltr'>eius</span> <span class='ocrx_word' id='word_1_95' title='bbox 1740 1525 1906 1589; x_wconf 84' lang='lat' dir='ltr'>parte</span> 
     </span>
     <span class='ocr_line' id='line_1_16' title="bbox 204 1594 1915 1679; baseline -0.008 -17"><span class='ocrx_word' id='word_1_96' title='bbox 204 1602 490 1664; x_wconf 79' lang='lat' dir='ltr'>foramine</span> <span class='ocrx_word' id='word_1_97' title='bbox 535 1601 997 1671; x_wconf 82' lang='lat' dir='ltr'>communicant,</span> <span class='ocrx_word' id='word_1_98' title='bbox 1042 1601 1135 1659; x_wconf 87' lang='lat' dir='ltr'>cui</span> <span class='ocrx_word' id='word_1_99' title='bbox 1182 1599 1394 1679; x_wconf 77' lang='lat' dir='ltr'>papilla</span> <span class='ocrx_word' id='word_1_100' title='bbox 1431 1594 1774 1655; x_wconf 82' lang='lat' dir='ltr'>muscularis</span> <span class='ocrx_word' id='word_1_101' title='bbox 1817 1615 1915 1650; x_wconf 92' lang='lat' dir='ltr'>an-</span> 
     </span>
     <span class='ocr_line' id='line_1_17' title="bbox 203 1678 1920 1766; baseline -0.006 -22"><span class='ocrx_word' id='word_1_102' title='bbox 203 1687 451 1766; x_wconf 85' lang='lat' dir='ltr'>teposita</span> <span class='ocrx_word' id='word_1_103' title='bbox 495 1701 760 1764; x_wconf 75' lang='lat' dir='ltr'>apparet,</span> <span class='ocrx_word' id='word_1_104' title='bbox 805 1703 982 1762; x_wconf 85' lang='lat' dir='ltr'>quam</span> <span class='ocrx_word' id='word_1_105' title='bbox 1022 1701 1077 1741; x_wconf 88' lang='lat' dir='ltr'>et</span> <span class='ocrx_word' id='word_1_106' title='bbox 1105 1683 1493 1740; x_wconf 85' lang='lat' dir='ltr'>vesicularum</span> <span class='ocrx_word' id='word_1_107' title='bbox 1522 1701 1716 1738; x_wconf 89' lang='lat' dir='ltr'>semen</span> <span class='ocrx_word' id='word_1_108' title='bbox 1753 1693 1807 1735; x_wconf 88' lang='lat' dir='ltr'>et</span> <span class='ocrx_word' id='word_1_109' title='bbox 1827 1678 1920 1734; x_wconf 91' lang='lat' dir='ltr'>lo-</span> 
     </span>
     <span class='ocr_line' id='line_1_18' title="bbox 205 1762 1917 1843; baseline -0.007 -14"><span class='ocrx_word' id='word_1_110' title='bbox 205 1771 385 1842; x_wconf 78' lang='lat' dir='ltr'>tium,</span> <span class='ocrx_word' id='word_1_111' title='bbox 429 1769 498 1826; x_wconf 83' lang='lat' dir='ltr'>ab</span> <span class='ocrx_word' id='word_1_112' title='bbox 541 1767 870 1825; x_wconf 77' lang='lat' dir='ltr'>ureteribns</span> <span class='ocrx_word' id='word_1_113' title='bbox 909 1765 968 1821; x_wconf 86' lang='lat' dir='ltr'>in</span> <span class='ocrx_word' id='word_1_114' title='bbox 998 1766 1282 1823; x_wconf 82' lang='lat' dir='ltr'>vesiculae</span> <span class='ocrx_word' id='word_1_115' title='bbox 1314 1781 1541 1843; x_wconf 73' lang='lat' dir='ltr'>partem</span> <span class='ocrx_word' id='word_1_116' title='bbox 1573 1762 1917 1820; x_wconf 84' lang='lat' dir='ltr'>inferiorem</span> 
     </span>
     <span class='ocr_line' id='line_1_19' title="bbox 213 1847 1920 1924; baseline -0.006 -13"><span class='ocrx_word' id='word_1_117' title='bbox 213 1851 567 1924; x_wconf 85' lang='lat' dir='ltr'>adductum,</span> <span class='ocrx_word' id='word_1_118' title='bbox 611 1852 830 1907; x_wconf 82' lang='lat' dir='ltr'>intrant</span> <span class='ocrx_word' id='word_1_119' title='bbox 919 1847 1210 1909; x_wconf 83' lang='lat' dir='ltr'>Prodiunt</span> <span class='ocrx_word' id='word_1_120' title='bbox 1255 1848 1413 1906; x_wconf 88' lang='lat' dir='ltr'>enim</span> <span class='ocrx_word' id='word_1_121' title='bbox 1456 1863 1712 1905; x_wconf 75' lang='lat' dir='ltr'>ureteres</span> <span class='ocrx_word' id='word_1_122' title='bbox 1758 1868 1787 1901; x_wconf 88' lang='lat' dir='ltr'>a</span> <span class='ocrx_word' id='word_1_123' title='bbox 1830 1865 1920 1901; x_wconf 78' lang='lat' dir='ltr'>re-</span> 
     </span>
     <span class='ocr_line' id='line_1_20' title="bbox 214 1927 1922 2010; baseline -0.006 -14"><span class='ocrx_word' id='word_1_124' title='bbox 214 1937 388 1997; x_wconf 81' lang='lat' dir='ltr'>nibus</span> <span class='ocrx_word' id='word_1_125' title='bbox 432 1932 755 1993; x_wconf 86' lang='lat' dir='ltr'>admodum</span> <span class='ocrx_word' id='word_1_126' title='bbox 799 1933 910 1991; x_wconf 88' lang='lat' dir='ltr'>alte</span> <span class='ocrx_word' id='word_1_127' title='bbox 952 1932 1171 2004; x_wconf 83' lang='lat' dir='ltr'>exorti,</span> <span class='ocrx_word' id='word_1_128' title='bbox 1230 1934 1572 2010; x_wconf 74' lang='lat' dir='ltr'>formaeque</span> <span class='ocrx_word' id='word_1_129' title='bbox 1620 1927 1922 1987; x_wconf 83' lang='lat' dir='ltr'>distinctae</span> 
     </span>
     <span class='ocr_line' id='line_1_21' title="bbox 221 2012 1925 2097; baseline -0.008 -16"><span class='ocrx_word' id='word_1_130' title='bbox 221 2019 584 2097; x_wconf 84' lang='lat' dir='ltr'>omninoque</span> <span class='ocrx_word' id='word_1_131' title='bbox 620 2016 925 2097; x_wconf 68' lang='lat' dir='ltr'>propriae,</span> <span class='ocrx_word' id='word_1_132' title='bbox 970 2036 1141 2095; x_wconf 85' lang='lat' dir='ltr'>atque</span> <span class='ocrx_word' id='word_1_133' title='bbox 1175 2017 1243 2073; x_wconf 87' lang='lat' dir='ltr'>ab</span> <span class='ocrx_word' id='word_1_134' title='bbox 1276 2014 1390 2073; x_wconf 89' lang='lat' dir='ltr'>illis</span> <span class='ocrx_word' id='word_1_135' title='bbox 1423 2016 1538 2072; x_wconf 87' lang='lat' dir='ltr'>iam</span> <span class='ocrx_word' id='word_1_136' title='bbox 1559 2012 1694 2071; x_wconf 89' lang='lat' dir='ltr'>inde</span> <span class='ocrx_word' id='word_1_137' title='bbox 1725 2014 1794 2069; x_wconf 90' lang='lat' dir='ltr'>ab</span> <span class='ocrx_word' id='word_1_138' title='bbox 1829 2033 1925 2068; x_wconf 84' lang='lat' dir='ltr'>ex-</span> 
     </span>
     <span class='ocr_line' id='line_1_22' title="bbox 220 2096 1927 2179; baseline -0.006 -16"><span class='ocrx_word' id='word_1_139' title='bbox 220 2103 392 2163; x_wconf 85' lang='lat' dir='ltr'>ordio</span> <span class='ocrx_word' id='word_1_140' title='bbox 418 2102 661 2159; x_wconf 86' lang='lat' dir='ltr'>omnino</span> <span class='ocrx_word' id='word_1_141' title='bbox 681 2099 973 2174; x_wconf 81' lang='lat' dir='ltr'>disiuncti,</span> <span class='ocrx_word' id='word_1_142' title='bbox 990 2103 1229 2179; x_wconf 83' lang='lat' dir='ltr'>longam</span> <span class='ocrx_word' id='word_1_143' title='bbox 1243 2098 1394 2156; x_wconf 86' lang='lat' dir='ltr'>viam</span> <span class='ocrx_word' id='word_1_144' title='bbox 1407 2097 1641 2170; x_wconf 86' lang='lat' dir='ltr'>emetiti,</span> <span class='ocrx_word' id='word_1_145' title='bbox 1666 2096 1734 2165; x_wconf 87' lang='lat' dir='ltr'>ad</span> <span class='ocrx_word' id='word_1_146' title='bbox 1752 2097 1927 2153; x_wconf 89' lang='lat' dir='ltr'>imam</span> 
     </span>
     <span class='ocr_line' id='line_1_23' title="bbox 221 2178 1935 2264; baseline -0.007 -17"><span class='ocrx_word' id='word_1_147' title='bbox 221 2188 614 2248; x_wconf 84' lang='lat' dir='ltr'>vesicularum</span> <span class='ocrx_word' id='word_1_148' title='bbox 645 2184 1010 2246; x_wconf 80' lang='lat' dir='ltr'>seminalium</span> <span class='ocrx_word' id='word_1_149' title='bbox 1043 2199 1284 2264; x_wconf 80' lang='lat' dir='ltr'>partem,</span> <span class='ocrx_word' id='word_1_150' title='bbox 1331 2183 1588 2240; x_wconf 86' lang='lat' dir='ltr'>cloacam</span> <span class='ocrx_word' id='word_1_151' title='bbox 1630 2181 1690 2237; x_wconf 90' lang='lat' dir='ltr'>in</span> <span class='ocrx_word' id='word_1_152' title='bbox 1727 2178 1935 2238; x_wconf 84' lang='lat' dir='ltr'>foemi-</span> 
     </span>
     <span class='ocr_line' id='line_1_24' title="bbox 224 2264 1927 2348; baseline -0.007 -17"><span class='ocrx_word' id='word_1_153' title='bbox 224 2273 314 2332; x_wconf 86' lang='lat' dir='ltr'>nis</span> <span class='ocrx_word' id='word_1_154' title='bbox 352 2286 639 2340; x_wconf 77' lang='lat' dir='ltr'>attamen,</span> <span class='ocrx_word' id='word_1_155' title='bbox 685 2268 897 2348; x_wconf 87' lang='lat' dir='ltr'>quibus</span> <span class='ocrx_word' id='word_1_156' title='bbox 949 2268 1232 2328; x_wconf 85' lang='lat' dir='ltr'>vesiculae</span> <span class='ocrx_word' id='word_1_157' title='bbox 1277 2264 1519 2338; x_wconf 78' lang='lat' dir='ltr'>desunt,</span> <span class='ocrx_word' id='word_1_158' title='bbox 1562 2280 1730 2322; x_wconf 76' lang='lat' dir='ltr'>utero</span> <span class='ocrx_word' id='word_1_159' title='bbox 1767 2284 1927 2320; x_wconf 90' lang='lat' dir='ltr'>com-</span> 
     </span>
     <span class='ocr_line' id='line_1_25' title="bbox 224 2347 1927 2434; baseline -0.008 -19"><span class='ocrx_word' id='word_1_160' title='bbox 224 2355 543 2416; x_wconf 87' lang='lat' dir='ltr'>municant.</span> <span class='ocrx_word' id='word_1_161' title='bbox 588 2351 873 2410; x_wconf 87' lang='lat' dir='ltr'>Omnium</span> <span class='ocrx_word' id='word_1_162' title='bbox 911 2353 1090 2434; x_wconf 81' lang='lat' dir='ltr'>igitur</span> <span class='ocrx_word' id='word_1_163' title='bbox 1128 2350 1377 2408; x_wconf 85' lang='lat' dir='ltr'>maxime</span> <span class='ocrx_word' id='word_1_164' title='bbox 1420 2350 1479 2407; x_wconf 90' lang='lat' dir='ltr'>in</span> <span class='ocrx_word' id='word_1_165' title='bbox 1518 2347 1759 2406; x_wconf 84' lang='lat' dir='ltr'>selachis</span> <span class='ocrx_word' id='word_1_166' title='bbox 1800 2368 1927 2426; x_wconf 87' lang='lat' dir='ltr'>par-</span> 
     </span>
     <span class='ocr_line' id='line_1_26' title="bbox 224 2433 1932 2517; baseline -0.007 -20"><span class='ocrx_word' id='word_1_167' title='bbox 224 2458 309 2498; x_wconf 85' lang='lat' dir='ltr'>tes</span> <span class='ocrx_word' id='word_1_168' title='bbox 361 2437 637 2517; x_wconf 81' lang='lat' dir='ltr'>genitales</span> <span class='ocrx_word' id='word_1_169' title='bbox 700 2437 1026 2511; x_wconf 85' lang='lat' dir='ltr'>excellunt,</span> <span class='ocrx_word' id='word_1_170' title='bbox 1090 2457 1238 2516; x_wconf 84' lang='lat' dir='ltr'>quae</span> <span class='ocrx_word' id='word_1_171' title='bbox 1290 2434 1440 2491; x_wconf 82' lang='lat' dir='ltr'>inter</span> <span class='ocrx_word' id='word_1_172' title='bbox 1489 2441 1693 2490; x_wconf 83' lang='lat' dir='ltr'>omnes</span> <span class='ocrx_word' id='word_1_173' title='bbox 1751 2433 1932 2510; x_wconf 82' lang='lat' dir='ltr'>pisces</span> 
     </span>
     <span class='ocr_line' id='line_1_27' title="bbox 227 2512 1936 2600; baseline -0.006 -19"><span class='ocrx_word' id='word_1_174' title='bbox 227 2543 458 2582; x_wconf 89' lang='lat' dir='ltr'>summo</span> <span class='ocrx_word' id='word_1_175' title='bbox 513 2519 860 2579; x_wconf 82' lang='lat' dir='ltr'>evolutionis</span> <span class='ocrx_word' id='word_1_176' title='bbox 905 2519 1094 2600; x_wconf 79' lang='lat' dir='ltr'>gradu</span> <span class='ocrx_word' id='word_1_177' title='bbox 1138 2515 1424 2599; x_wconf 70' lang='lat' dir='ltr'>gaudent,</span> <span class='ocrx_word' id='word_1_178' title='bbox 1489 2519 1648 2596; x_wconf 87' lang='lat' dir='ltr'>quod</span> <span class='ocrx_word' id='word_1_179' title='bbox 1694 2512 1936 2594; x_wconf 86' lang='lat' dir='ltr'>quidem</span> 
     </span>
     <span class='ocr_line' id='line_1_28' title="bbox 230 2595 1937 2677; baseline -0.006 -11"><span class='ocrx_word' id='word_1_180' title='bbox 230 2628 301 2666; x_wconf 86' lang='lat' dir='ltr'>eo</span> <span class='ocrx_word' id='word_1_181' title='bbox 363 2604 600 2664; x_wconf 83' lang='lat' dir='ltr'>maioris</span> <span class='ocrx_word' id='word_1_182' title='bbox 652 2606 935 2662; x_wconf 80' lang='lat' dir='ltr'>momenti</span> <span class='ocrx_word' id='word_1_183' title='bbox 991 2625 1109 2663; x_wconf 89' lang='lat' dir='ltr'>esse</span> <span class='ocrx_word' id='word_1_184' title='bbox 1153 2601 1399 2675; x_wconf 84' lang='lat' dir='ltr'>videtur,</span> <span class='ocrx_word' id='word_1_185' title='bbox 1447 2600 1509 2658; x_wconf 87' lang='lat' dir='ltr'>in</span> <span class='ocrx_word' id='word_1_186' title='bbox 1560 2595 1937 2677; x_wconf 85' lang='lat' dir='ltr'>dijudicando</span> 
     </span>
     <span class='ocr_line' id='line_1_29' title="bbox 233 2682 1935 2771; baseline -0.005 -23"><span class='ocrx_word' id='word_1_187' title='bbox 233 2692 501 2771; x_wconf 76' lang='lat' dir='ltr'>ipsorum</span> <span class='ocrx_word' id='word_1_188' title='bbox 544 2688 604 2744; x_wconf 88' lang='lat' dir='ltr'>in</span> <span class='ocrx_word' id='word_1_189' title='bbox 650 2703 951 2768; x_wconf 86' lang='lat' dir='ltr'>systemate</span> <span class='ocrx_word' id='word_1_190' title='bbox 997 2705 1235 2746; x_wconf 80' lang='lat' dir='ltr'>naturae</span> <span class='ocrx_word' id='word_1_191' title='bbox 1280 2687 1452 2752; x_wconf 89' lang='lat' dir='ltr'>loc0‚</span> <span class='ocrx_word' id='word_1_192' title='bbox 1497 2707 1635 2742; x_wconf 88' lang='lat' dir='ltr'>cum</span> <span class='ocrx_word' id='word_1_193' title='bbox 1680 2682 1935 2763; x_wconf 82' lang='lat' dir='ltr'>partium</span> 
     </span>
     <span class='ocr_line' id='line_1_30' title="bbox 231 2767 1943 2856; baseline -0.008 -23"><span class='ocrx_word' id='word_1_194' title='bbox 231 2773 606 2856; x_wconf 83' lang='lat' dir='ltr'>potissimum</span> <span class='ocrx_word' id='word_1_195' title='bbox 651 2773 1009 2851; x_wconf 78' lang='lat' dir='ltr'>complexuS,</span> <span class='ocrx_word' id='word_1_196' title='bbox 1055 2770 1418 2850; x_wconf 81' lang='lat' dir='ltr'>generationi</span> <span class='ocrx_word' id='word_1_197' title='bbox 1461 2767 1799 2837; x_wconf 79' lang='lat' dir='ltr'>dicatarum,</span> <span class='ocrx_word' id='word_1_198' title='bbox 1853 2786 1943 2847; x_wconf 86' lang='lat' dir='ltr'>sy-</span> 
     </span>
     <span class='ocr_line' id='line_1_31' title="bbox 236 2853 1942 2934; baseline -0.005 -19"><span class='ocrx_word' id='word_1_199' title='bbox 236 2874 422 2921; x_wconf 80' lang='lat' dir='ltr'>stema</span> <span class='ocrx_word' id='word_1_200' title='bbox 472 2855 647 2929; x_wconf 81' lang='lat' dir='ltr'>sistit,</span> <span class='ocrx_word' id='word_1_201' title='bbox 709 2854 873 2934; x_wconf 85' lang='lat' dir='ltr'>quod</span> <span class='ocrx_word' id='word_1_202' title='bbox 915 2855 977 2912; x_wconf 90' lang='lat' dir='ltr'>in</span> <span class='ocrx_word' id='word_1_203' title='bbox 1035 2856 1283 2933; x_wconf 87' lang='lat' dir='ltr'>piscibus</span> <span class='ocrx_word' id='word_1_204' title='bbox 1328 2853 1671 2932; x_wconf 83' lang='lat' dir='ltr'>primarium</span> <span class='ocrx_word' id='word_1_205' title='bbox 1715 2870 1942 2906; x_wconf 89' lang='lat' dir='ltr'>nuncu-</span> 
     </span>
     <span class='ocr_line' id='line_1_32' title="bbox 235 2933 1948 3029; baseline -0.005 -32"><span class='ocrx_word' id='word_1_206' title='bbox 235 2939 506 3029; x_wconf 75' lang='lat' dir='ltr'>pandum</span> <span class='ocrx_word' id='word_1_207' title='bbox 551 2954 652 3009; x_wconf 81' lang='lat' dir='ltr'>est,</span> <span class='ocrx_word' id='word_1_208' title='bbox 695 2939 857 2997; x_wconf 88' lang='lat' dir='ltr'>cuius</span> <span class='ocrx_word' id='word_1_209' title='bbox 887 2938 1165 2997; x_wconf 79' lang='lat' dir='ltr'>nimirum</span> <span class='ocrx_word' id='word_1_210' title='bbox 1199 2937 1556 2997; x_wconf 85' lang='lat' dir='ltr'>evolutionis</span> <span class='ocrx_word' id='word_1_211' title='bbox 1591 2933 1818 3013; x_wconf 81' lang='lat' dir='ltr'>fastigio</span> <span class='ocrx_word' id='word_1_212' title='bbox 1861 2954 1948 2990; x_wconf 81' lang='lat' dir='ltr'>re-</span> 
     </span>
    </p>

    <p class='ocr_par' dir='ltr' id='par_1_3' title="bbox 259 3016 1953 3358">
     <span class='ocr_line' id='line_1_33' title="bbox 276 3016 1948 3105; baseline -0.005 -21"><span class='ocrx_word' id='word_1_213' title='bbox 276 3027 412 3105; x_wconf 87' lang='lat' dir='ltr'>iqua</span> <span class='ocrx_word' id='word_1_214' title='bbox 474 3023 669 3081; x_wconf 84' lang='lat' dir='ltr'>omnia</span> <span class='ocrx_word' id='word_1_215' title='bbox 730 3037 1029 3104; x_wconf 88' lang='lat' dir='ltr'>systemata</span> <span class='ocrx_word' id='word_1_216' title='bbox 1072 3018 1478 3102; x_wconf 81' lang='lat' dir='ltr'>postponenda</span> <span class='ocrx_word' id='word_1_217' title='bbox 1530 3034 1677 3076; x_wconf 87' lang='lat' dir='ltr'>sunt.</span> <span class='ocrx_word' id='word_1_218' title='bbox 1765 3016 1948 3075; x_wconf 86' lang='lat' dir='ltr'>Sicuti</span> 
     </span>
     <span class='ocr_line' id='line_1_34' title="bbox 259 3099 1948 3187; baseline -0.005 -20"><span class='ocrx_word' id='word_1_219' title='bbox 259 3109 416 3167; x_wconf 83' lang='lat' dir='ltr'>enim</span> <span class='ocrx_word' id='word_1_220' title='bbox 440 3108 504 3165; x_wconf 86' lang='lat' dir='ltr'>in</span> <span class='ocrx_word' id='word_1_221' title='bbox 549 3107 952 3185; x_wconf 87' lang='lat' dir='ltr'>mammalibus</span> <span class='ocrx_word' id='word_1_222' title='bbox 996 3122 1238 3187; x_wconf 85' lang='lat' dir='ltr'>systema</span> <span class='ocrx_word' id='word_1_223' title='bbox 1282 3124 1593 3161; x_wconf 79' lang='lat' dir='ltr'>nervosum</span> <span class='ocrx_word' id='word_1_224' title='bbox 1630 3099 1948 3158; x_wconf 46' lang='lat' dir='ltr'>medullae-¹·</span> 
     </span>
     <span class='ocr_line' id='line_1_35' title="bbox 261 3183 1944 3274; baseline -0.004 -26"><span class='ocrx_word' id='word_1_225' title='bbox 261 3213 374 3270; x_wconf 86' lang='lat' dir='ltr'>que</span> <span class='ocrx_word' id='word_1_226' title='bbox 419 3191 759 3274; x_wconf 80' lang='lat' dir='ltr'>praesertim.</span> <span class='ocrx_word' id='word_1_227' title='bbox 805 3190 1040 3272; x_wconf 89' lang='lat' dir='ltr'>spinalis</span> <span class='ocrx_word' id='word_1_228' title='bbox 1087 3186 1497 3261; x_wconf 84' lang='lat' dir='ltr'>cflorescentia‚</span> <span class='ocrx_word' id='word_1_229' title='bbox 1542 3183 1944 3263; x_wconf 86' lang='lat' dir='ltr'>encephalnm,</span> 
     </span>
     <span class='ocr_line' id='line_1_36' title="bbox 264 3268 1953 3358; baseline -0.005 -23"><span class='ocrx_word' id='word_1_230' title='bbox 264 3273 420 3335; x_wconf 86' lang='lat' dir='ltr'>illius</span> <span class='ocrx_word' id='word_1_231' title='bbox 492 3273 840 3358; x_wconf 77' lang='lat' dir='ltr'>evolutioiiis</span> <span class='ocrx_word' id='word_1_232' title='bbox 897 3271 1111 3356; x_wconf 80' lang='lat' dir='ltr'>gradus</span> <span class='ocrx_word' id='word_1_233' title='bbox 1163 3269 1543 3353; x_wconf 80' lang='lat' dir='ltr'>archetypum</span> <span class='ocrx_word' id='word_1_234' title='bbox 1600 3269 1663 3331; x_wconf 89' lang='lat' dir='ltr'>iu</span> <span class='ocrx_word' id='word_1_235' title='bbox 1712 3268 1953 3347; x_wconf 81' lang='lat' dir='ltr'>reliquis</span> 
     </span>
    </p>
   </div>
  </div>
 </body>
</html>
