2064 3828
927 280 959 294 fi

923 302 993 339 01

112 429 314 492 iisdem
355 429 507 487 soliis
554 447 721 510 atque
775 433 1244 493 transversalibus
1282 434 1467 512 sulcis,
1510 443 1618 517 jam
1651 454 1802 498 exte·

113 517 230 573 rius
302 514 720 592 cognoscendis
778 518 989 594 gaudet
1064 540 1129 574 ac
1198 518 1386 576 avium
1436 524 1803 583 cerebellum.

111 598 406 676 Utrinque
460 599 630 655 etiam
673 596 741 655 ad
781 602 955 658 latera
1001 603 1270 659 cerebelli
1311 625 1485 660 massa
1526 606 1806 663 medulla-

110 684 188 739 ris
243 704 662 760 nonnunquam
696 705 870 762 gyros
894 682 1186 751 exhibens,
1216 685 1620 765 incipientibus
1653 711 1806 746 cere·

108 765 250 823 belli
314 764 765 845 haemisphaeris
832 767 1240 846 comparanda,
1304 770 1798 829 animadvertitur.

238 843 321 905 Ita
345 850 511 905 arctis
531 849 781 929 deniqne
802 851 1044 908 nexibus
1063 852 1288 910 selache
1308 878 1438 911 cuin
1463 855 1802 931 amphibiis

105 929 383 1003 haerere,
430 950 490 988 ut
541 933 717 1012 fignis
760 936 876 991 fere
916 936 1090 992 nullis
1137 935 1508 1017 diagnostieis
1561 942 1632 997 ab
1686 939 1801 996 illis

104 1013 328 1093 seiungi
375 1017 624 1094 possint,
671 1019 927 1097 plurium
966 1036 1200 1077 naturae
1255 1038 1643 1080 scrutatorum
1680 1045 1808 1080 sen-

107 1099 317 1155 tentiae
365 1099 610 1173 docent,
657 1124 911 1180 qnorum
950 1105 1222 1161 nonnulli
1259 1105 1483 1165 selache
1522 1105 1703 1163 inuno
1740 1106 1809 1164 il-

103 1182 177 1240 lis
225 1184 685 1262 coniungebant3
732 1203 902 1265 atque
937 1209 996 1245 re
1041 1211 1172 1252 vera
1211 1190 1525 1246 multarum
1557 1188 1810 1268 partium

106 1268 324 1323 fabrica
381 1268 623 1323 omnino
704 1269 996 1347 amphibia
1060 1273 1251 1347 refert.
1343 1270 1540 1329 Veluti
1584 1272 1812 1352 amphi-

107 1351 344 1408 biorum
395 1347 718 1428 quaedam,
775 1375 944 1410 ranae
991 1350 1313 1433 impritniS,
1372 1354 1543 1412 foeda
1586 1354 1811 1413 teterri-

107 1456 318 1511 maque
368 1434 512 1489 cutis
582 1434 1028 1494 confirmatione
1085 1437 1330 1518 insignia
1390 1455 1557 1515 sunt,
1618 1438 1697 1497 sic
1754 1453 1810 1498 et

104 1518 163 1574 in
200 1515 545 1596 lophiorum
578 1516 953 1596 quibusdam,
997 1518 1281 1580 histrione
1316 1519 1603 1603 imprimis
1634 1541 1809 1604 atque

105 1601 513 1681 vespertilione
538 1596 702 1659 istam
725 1604 1080 1682 peculiarem
1101 1607 1246 1663 cutis
1276 1607 1809 1665 conformationem

106 1688 413 1743 observare
470 1685 633 1758 licet,
677 1708 933 1765 quorum
990 1688 1145 1766 ipsae
1207 1686 1414 1768 pinnae
1482 1691 1804 1770 pectorales

106 1791 380 1827 ranarum
431 1771 689 1825 referunt
742 1769 942 1850 pedes,
987 1769 1197 1850 quibus
1252 1771 1324 1830 ad
1378 1773 1701 1853 rependum
1746 1773 1808 1832 in

107 1852 282 1910 maris
332 1850 517 1908 fundo
561 1868 821 1910 utuntur.
910 1854 1329 1929 Selachorum,
1389 1856 1573 1915 immo
1627 1855 1807 1916 maxi-

107 1957 370 2006 morum,
416 1933 614 1992 dentes
657 1936 807 2008 cuti,
852 1959 999 2014 quae
1041 1938 1344 1996 maxillum
1376 1938 1621 2013 investit,
1661 1964 1809 1999 sem·

104 2043 209 2099 per
261 2018 554 2085 immersi,
598 2040 704 2076 nec
742 2041 999 2097 unquam
1037 2018 1363 2096 incuueati,
1406 2046 1544 2082 eum
1584 2023 1810 2105 amphi-

104 2103 338 2161 biorum
388 2100 657 2158 dentibus
714 2101 914 2160 eadem
962 2104 1217 2184 gaudent
1250 2101 1594 2184 insertione,
1639 2126 1810 2188 atque

107 2187 168 2244 in
219 2185 308 2242 his
350 2200 414 2241 ut
454 2185 513 2242 in
551 2184 666 2242 illis
697 2187 919 2266 saepius
950 2189 1196 2248 mobiles
1231 2209 1382 2250 sunt.
1427 2191 1812 2251 Selachorum

106 2289 291 2350 porro
347 2270 546 2327 sceleti
598 2271 816 2353 itabrica
867 2270 940 2329 ad
979 2273 1141 2331 illam
1190 2275 1448 2354 plurium
1486 2275 1812 2356 amphibio-

110 2377 241 2410 rum
299 2353 539 2432 propius
579 2353 832 2429 accedit3
877 2355 1090 2436 insigni
1135 2357 1394 2436 gaudens
1432 2358 1807 2434 flexibilitate,

109 2437 358 2517 gelatina
402 2437 463 2493 in
511 2458 579 2495 eo
621 2436 1055 2517 praedominat,
1097 2442 1183 2499 uti
1226 2443 1432 2502 eodem
1478 2446 1596 2503 fere
1630 2442 1812 2502 modo

109 2521 170 2578 in
245 2520 550 2600 reptilibus
606 2522 1085 2603 serpentibusque
1139 2526 1338 2585 locum
1396 2527 1612 2586 habere
1658 2525 1815 2607 'vide-

105 2620 202 2662 tur
250 2604 328 2683 i),
368 2622 631 2663 crescunt
675 2607 831 2663 enim
903 2624 1219 2689 utrumque
1263 2634 1367 2691 per
1412 2628 1595 2669 totam
1654 2611 1811 2692 ipso-

109 2709 247 2747 rum
289 2688 495 2762 vitam,
540 2709 658 2768 quo
712 2690 977 2769 inprimis
1012 2694 1205 2773 palam
1248 2698 1343 2768 fit,
1387 2715 1593 2754 eorum
1639 2697 1812 2753 scele-

107 2788 212 2830 ton
261 2770 719 2853 haudquaquam
771 2775 850 2832 ita
919 2797 1080 2836 ossea
1148 2778 1402 2858 gaudere
1464 2780 1681 2838 fabrica
1746 2801 1813 2837 ae

112 2856 515 2915 mammalium
562 2857 870 2939 aviumque
912 2862 1182 2920 sceleton.
1268 2864 1349 2936 At
1391 2863 1526 2921 alias
1584 2861 1809 2943 amphi-

109 2940 349 2999 biorum
394 2941 650 2999 sceleton
701 2965 837 3001 cum
872 2944 1241 3003 selachorum
1290 2947 1586 3006 affinitates
1621 2964 1809 3005 osten-

114 3023 228 3099 dit,
272 3023 360 3081 uti
408 3024 562 3083 enim
605 3025 665 3082 in
710 3024 801 3085 his
845 3031 1191 3109 plerumque
1244 3043 1431 3089 costae
1474 3051 1682 3112 parvae
1729 3046 1811 3088 at·

110 3128 226 3189 *que
287 3130 497 3188 parum
562 3111 824 3170 evolutae
869 3113 1421 3192 animadvertuntur,
1464 3116 1806 3198 praesertim

210 3299 249 3358 i)
280 3298 459 3360 Cavier,
487 3303 518 3347 1.
550 3318 589 3351 c.
622 3312 719 3351 tom
746 3305 782 3351 Ι.
810 3323 854 3365 p.
888 3319 954 3365 92.
