2064 3828
1035 254 1105 307 18

217 410 486 485 animalia
524 408 716 465 adhuc
738 404 1136 464 desiderantur
1158 427 1171 477 ς
1217 401 1590 461 illustrissimi
1614 401 1768 458 enim
1790 399 1916 474 viri,

224 497 527 566 Cavolini,
559 494 776 551 Pallas
797 506 851 547 et
870 490 1069 547 Bloclz
1104 508 1485 565 necunquam
1508 486 1687 541 alium
1718 507 1920 543 sexum

214 582 325 647 nisi
369 576 733 636 foemineum
788 575 1184 631 observarunt.
1244 569 1645 641 Quamobrem
1696 585 1750 626 et
1791 591 1921 648 syn-

213 663 420 748 gnathi
456 678 510 718 et
535 675 1001 739 petromyzontes
1039 655 1111 713 ad
1147 656 1342 735 plures
1377 652 1602 709 vermes
1644 667 1920 729 spectant,

213 753 276 811 in
316 747 527 828 'quibus
561 764 727 800 sexus
758 743 1044 797 masculus
1091 755 1186 796 aut
1224 758 1527 816 nunquam
1549 779 1563 807 3,
1607 750 1705 790 aut
1743 758 1920 813 quam

212 846 502 895 rarissime
534 841 821 884 occurrit:
869 846 1171 902 slcmgens
1202 838 1541 878 asterlarum
1567 839 1739 876 series
1772 841 1922 875 nun-

213 932 393 998 quam
454 933 656 969 sexum
711 908 1037 964 masculum
1086 905 1352 975 exhibet3
1430 901 1695 981 'plurium
1747 902 1921 959 etiam

210 998 501 1060 vermium
541 991 992 1063 intestinalium‚
1053 990 1138 1046 uti
1175 985 1527 1059 asem-idum,
1589 987 1922 1066 strongylo-

212 1107 379 1154 rum,
448 1099 635 1136 mares
669 1074 956 1143 rarissime
998 1088 1334 1130 occurrunt.
1398 1071 1467 1127 Et
1502 1092 1605 1126 cur
1649 1090 1769 1126 non
1799 1071 1921 1127 foe·

211 1163 487 1228 cundatio
510 1162 630 1218 sine
652 1158 910 1216 masculo
933 1180 1069 1215 sexu
1094 1157 1154 1213 in
1176 1155 1475 1213 foemineo
1493 1153 1690 1210 locum
1723 1169 1922 1210 tenere

209 1265 439 1334 posset,
492 1247 552 1303 in
594 1240 1129 1323 petromyzontibus
1167 1257 1343 1319 atque
1384 1234 1754 1320 syngnathis,
1821 1235 1924 1315 qui

213 1333 461 1417 piscium
518 1330 754 1385 classem
821 1323 965 1382 adeo
1027 1343 1180 1382 arcte
1234 1347 1370 1380 cum
1431 1321 1658 1379 insectis
1707 1336 1762 1377 et
1796 1342 1928 1377 ver-

212 1419 405 1477 mibus
443 1412 843 1489 coniungunt,
888 1432 1022 1465 cum
1059 1432 1126 1466 ex
1149 1409 1268 1465 istis
1308 1405 1551 1486 aphides
1579 1422 1750 1484 atque
1783 1402 1924 1483 pha-

211 1504 515 1561 laenarum
563 1494 875 1551 nonnullas
919 1491 990 1548 ad
1029 1494 1224 1571 plures
1282 1513 1466 1570 usque
1521 1488 1925 1568 generationes

213 1579 532 1645 foecundas
571 1599 721 1649 esse,
773 1577 1067 1633 nemiuem
1114 1577 1303 1658 lateat.
1392 1574 1682 1644 Quocirca
1732 1588 1926 1651 petro-

213 1681 547 1749 myzontem
586 1684 699 1717 una
737 1682 870 1715 cum
922 1656 1382 1736 gastrobrancho
1426 1659 1609 1716 imum
1648 1658 1708 1712 in
1746 1654 1927 1711 histo-

214 1754 300 1811 ria
363 1745 606 1828 piscium
642 1742 889 1799 naturali
933 1742 1133 1797 locum
1168 1759 1364 1798 tenere
1428 1762 1495 1798 ex
1541 1756 1661 1796 tota
1707 1739 1925 1796 fabrica
1969 1778 1977 1786 x

214 1838 442 1894 interna
476 1843 662 1907 patetg
709 1824 873 1881 sicuti
915 1841 1107 1880 autem
1138 1825 1227 1881 illi
1246 1824 1550 1880 transitum
1591 1823 1663 1880 ad
1682 1823 1927 1879 insecto-

217 1941 352 1977 rum
389 1911 795 1987 vermiumque
844 1909 1048 1964 classes
1093 1911 1477 1979 confirmant,
1538 1908 1617 1963 sic
1665 1907 1926 1977 selache‚

218 2018 496 2081 supremo
538 1993 781 2073 piscium
834 1991 967 2047 loco
1020 1991 1240 2069 posita,
1303 2013 1480 2069 quam
1541 1992 1791 2047 maxime
1854 1986 1929 2045 ad.

217 2088 341 2166 ipsa
381 2078 676 2158 amphibia
710 2090 994 2153 spectant,
1052 2090 1224 2153 atque
1265 2094 1686 2150 nonnunquam
1742 2073 1928 2128 immo

218 2188 476 2248 :ipsarum
496 2160 772 2220 fabricam
792 2203 807 2231 ,
852 2155 1049 2237 quoad
1084 2157 1312 2236 singula
1334 2157 1525 2213 minus
1549 2157 1925 2229 elaboratam,

223 2264 513 2332 superant.

344 2334 582 2390 Interna
619 2327 776 2385 enim
800 2327 1188 2382 selaclzorzcm
1211 2324 1426 2381 fabrica
1463 2325 1663 2382 locum
1693 2322 1761 2378 iis
1794 2341 1945 2400 pro-y

221 2420 319 2478 cul
360 2414 540 2473 dubio
581 2412 641 2468 in
679 2426 980 2490 systemate
1025 2409 1390 2487 superiorem
1428 2431 1494 2464 ac
1536 2406 1786 2486 piscibus
1840 2426 1929 2461 re-

222 2501 399 2583 liquis
455 2495 761 2564 conciliat3
834 2509 1076 2573 systema
1116 2492 1332 2548 scilicet
1370 2513 1711 2561 nervosum,
1774 2509 1929 2546 cere-

220 2590 400 2648 Brum
457 2578 780 2660 i1npri1ni5‚
843 2575 1135 2633 medullae.
1202 2575 1437 2654 spinalis
1510 2571 1947 2652 magnitudinis-

221 2683 516 2749 respectu‚
575 2663 825 2719 aliorum
872 2660 1115 2738 piscium
1154 2676 1397 2739 systema
1458 2680 1767 2715 nervosum
1829 2651 1943 2713 eo?

223 2772 474 2831 :rumque
498 2747 801 2805 cerebrum
825 2744 1001 2821 longe
1023 2743 1329 2800 antecellit.
1354 2741 1660 2818 Tuberum
1684 2740 1926 2796 olfacto-

223 2839 451 2898 riorum
465 2831 672 2890 cavitas
684 2829 743 2884 in
756 2827 945 2906 ipsum
960 2824 1255 2884 descendit
1272 2847 1518 2883 nervum
1534 2822 1926 2895 olfactorium,

225 2922 325 3001 qui
361 2921 421 2977 in
459 2913 864 2974 mammalibus
894 2911 1270 2988 plerumque,
1315 2909 1375 2965 in
1411 2908 1670 2965 humano
1704 2922 1758 2962 et
1797 2906 1924 2985 ipso

226 3006 544 3084 embryone
586 3018 756 3055 cavus
793 2993 1064 3050 occurrit.
1148 2992 1505 3071 Squalorum
1568 3006 1794 3068 septum
1829 3012 1926 3046 na-

225 3089 379 3146 rium
404 3084 945 3143 membranaceum,
991 3077 1205 3133 lamina
1235 3077 1369 3148 illa,
1413 3073 1646 3152 duplice
1682 3094 1924 3151 magno-

227 3194 360 3230 rum
403 3166 759 3239 foraminum
790 3161 954 3229 ‚serie
989 3164 1043 3236 v)
1079 3160 1390 3232 instructa3
1451 3158 1603 3214 visus
1649 3177 1919 3235 organon

281 3280 334 3333 v)
361 3275 548 3333 Scarpa
572 3307 586 3330 ,
614 3276 729 3318 fiber
763 3272 805 3315 d.
832 3271 1140 3326 Geruchsorg.
1169 3268 1213 3311 d.
1231 3266 1419 3313 Thiete·
1450 3267 1711 3325 Nurnberg.
1747 3265 1867 3309 1800.
